%% This BibTeX bibliography file was created using BibDesk.
%% http://bibdesk.sourceforge.net/


%% Created for Javier Martin Blanco at 2018-01-20 11:06:08 +0100 


%% Saved with string encoding Unicode (UTF-8)

@book{ChebyshevPoli,
      author         = "Mason, J. C. and Handscomb, D. C.",
      title          = "\href{https://books.google.fr/books?id=8FHf0P3to0UC}{Chebyshev Polynomials}",
      isbn           = "9781420036114",
      url            = "https://books.google.fr/books?id=8FHf0P3to0UC",
      year           = "2002",
      publisher      = "CRC Press"
}

@article{sPLot,
      author         = "Pivk, M. and Le Diberder, F. R.",
      title          = "\href{https://doi.org/10.1016/j.nima.2005.08.106}{${}_{s}\euscr{P}$lot: A Statistical tool to unfold data distributions}",
      journal        = "Nuclear Instruments and Methods in Physics Research Section A: Accelerators, Spectrometers, Detectors and Associated Equipment",
      volume         = "555",
      year           = "2005",
      pages          = "356",
      doi            = "10.1016/j.nima.2005.08.106",
      eprint         = "physics/0402083",
      archivePrefix  = "arXiv",
      primaryClass   = "physics.data-an",
      reportNumber   = "LAL-04-07",
      SLACcitation   = "%%CITATION = PHYSICS/0402083;%%"
}

%%%%%%%%%%%%%%%%%%%%%%%%%%%%%% DETECTOR %%%%%%%%%%%%%%%%%%%%%%%%%%%%%%%%%%%%%%%%%%%%%%%%%

@techreport{VertexFitter,
      author        = "Speer, T. and Prokofiev, K. and Fr{\"u}hwirth, R. and Waltenberger, W. and Vanlaer, P.",
      title         = "\href{https://cds.cern.ch/record/927395}{Vertex Fitting in the CMS Tracker}",
      institution   = "CERN",
      address       = "Geneva",
      number        = "CMS-NOTE-2006-032",
      month         = "Feb",
      year          = "2006",
      reportNumber  = "CMS-NOTE-2006-032",
      url           = "https://cds.cern.ch/record/927395",
}

@article{VertexFitter_2,
      author         = "Fr{\"u}hwirth, R. and Waltenberger, W. and Vanlaer, P.",
      title          = "\href{http://iopscience.iop.org/article/10.1088/0954-3899/34/12/N01/meta}{Adaptive vertex fitting}",
      journal        = "Journal of Physics G: Nuclear and Particle Physics",
      volume         = "34",
      year           = "2007",
      pages          = "343",
      doi            = "10.1088/0954-3899/34/12/N01",
      reportNumber   = "CERN-CMS-NOTE-2007-008, CMS-NOTE-2007-008",
      SLACcitation   = "%%CITATION = JPAGA,G34,N343;%%"
}

@article{CMSTracking,
      author         = "Chatrchyan, S. and others",
      title          = "\href{http://iopscience.iop.org/article/10.1088/1748-0221/9/10/P10009/meta}{Description and performance of track and primary-vertex reconstruction with the CMS tracker}",
      collaboration  = "CMS",
      journal        = "Journal of Instrumentation",
      volume         = "9",
      year           = "2014",
      number         = "10",
      pages          = "P10009",
      doi            = "10.1088/1748-0221/9/10/P10009",
      eprint         = "1405.6569",
      archivePrefix  = "arXiv",
      primaryClass   = "physics.ins-det",
      reportNumber   = "CMS-TRK-11-001, CERN-PH-EP-2014-070",
      SLACcitation   = "%%CITATION = ARXIV:1405.6569;%%"
}

%%%%%%%%%%%%%%%%%%%%%%%%%%%%%% SOFTWARE %%%%%%%%%%%%%%%%%%%%%%%%%%%%%%%%%%%%%%%%%%%%%%%%%

@article{RooKeysPDF,
      author         = "Cranmer, K. S.",
      title          = "\href{https://doi.org/10.1016/S0010-4655(00)00243-5}{Kernel estimation in high-energy physics}",
      journal        = "Computer Physics Communications",
      volume         = "136",
      year           = "2001",
      pages          = "198",
      doi            = "10.1016/S0010-4655(00)00243-5",
      eprint         = "hep-ex/0011057",
      archivePrefix  = "arXiv",
      primaryClass   = "hep-ex",
      SLACcitation   = "%%CITATION = HEP-EX/0011057;%%"
}

%%%%%%%%%%%%%%%%%%%%%%%%%%%%%% GENERATOR INFO %%%%%%%%%%%%%%%%%%%%%%%%%%%%%%%%%%%%%%%%%%%%%%%%%

@article{HYDJET,
      author         = "Lokhtin, I. P. and Snigirev, A. M.",
      title          = "\href{https://link.springer.com/article/10.1140/epjc/s2005-02426-3}{A Model of jet quenching in ultrarelativistic heavy ion collisions and high $p_{\text{T}}$ hadron spectra at RHIC}",
      journal        = "European Physical Journal C",
      volume         = "45",
      year           = "2006",
      pages          = "211",
      doi            = "10.1140/epjc/s2005-02426-3",
      eprint         = "hep-ph/0506189",
      archivePrefix  = "arXiv",
      primaryClass   = "hep-ph",
      SLACcitation   = "%%CITATION = HEP-PH/0506189;%%"
}

@article{EVTGEN,
      author         = "Lange, D. J.",
      title          = "\href{https://doi.org/10.1016/S0168-9002(01)00089-4}{The EvtGen particle decay simulation package}",
      booktitle      = "{Proceedings, 7th International Conference on B physics at hadron machines (BEAUTY 2000): Maagan, Israel, September 13-18, 2000}",
      journal        = "Nuclear Instruments and Methods in Physics Research Section A: Accelerators, Spectrometers, Detectors and Associated Equipment",
      volume         = "462",
      year           = "2001",
      pages          = "152",
      doi            = "10.1016/S0168-9002(01)00089-4",
      SLACcitation   = "%%CITATION = NUIMA,A462,152;%%"
}


%%%%%%%%%%%%%%%%%%%%%%%%%%%%%% PRELIMINARY RESULTS %%%%%%%%%%%%%%%%%%%%%%%%%%%%%%%%%%%%%%%%%%%%%%%%%

@techreport{Muon_TnP_PbPb,
      title         = "\href{http://cms.cern.ch/iCMS/jsp/openfile.jsp?tp=draft&files=AN2016_048_v5.pdf}{Muon performance studies in 2015 5.02 TeV pp and PbPb Data}",
      institution   = "CERN",
      author        = "{CMS Collaboration}",
      address       = "Geneva",
      number        = "CMS-HIN-AN-16-048",
      year          = "2016",
      reportnumber  = "CMS-HIN-AN-16-048",
      url           = "http://cms.cern.ch/iCMS/jsp/openfile.jsp?tp=draft&files=AN2016_048_v5.pdf"
}

@techreport{LUMI_pp_5p02TeV,
      title         = "\href{https://cds.cern.ch/record/2235781}{CMS Luminosity Calibration for the pp Reference Run at $\sqrt{s}=5.02~\mathrm{TeV}$}",
      institution   = "CERN",
      author        = "{CMS Collaboration}",
      address       = "Geneva",
      number        = "CMS-PAS-LUM-16-001",
      year          = "2016",
      reportNumber  = "CMS-PAS-LUM-16-001",
      url           = "https://cds.cern.ch/record/2235781",
}

@techreport{Centrality_PbPb,
      title         = "\href{http://cms.cern.ch/iCMS/jsp/openfile.jsp?tp=draft&files=AN2015_080_v2.pdf}{Centrality and Event Plane reconstruction for PbPb collisions at 5 TeV in 2015}",
      institution   = "CERN",
      author        = "{CMS Collaboration}",
      address       = "Geneva",
      number        = "CMS-HIN-AN-15-080",
      year          = "2015",
      reportnumber  = "CMS-HIN-AN-15-080",
      url           = "http://cms.cern.ch/iCMS/jsp/openfile.jsp?tp=draft&files=AN2015_080_v2.pdf"
}

