%% This BibTeX bibliography file was created using BibDesk.
%% http://bibdesk.sourceforge.net/


%% Saved with string encoding Unicode (UTF-8) 


@article{CSM_1,
      author         = "Einhorn, M. B. and Ellis, S. D.",
      title          = "{Hadronic Production of the New Resonances - Are Gluons Important?}",
      journal        = "Phys. Rev. Lett.",
      volume         = "34",
      year           = "1975",
      pages          = "1190-1193",
      doi            = "10.1103/PhysRevLett.34.1190",
      reportNumber   = "FERMILAB-PUB-75-019-THY",
      SLACcitation   = "%%CITATION = PRLTA,34,1190;%%"
}

@article{CSM_2,
      author         = "Chang, Chao-Hsi",
      title          = "{Hadronic Production of $J/\psi$ Associated With a Gluon}",
      journal        = "Nucl. Phys. B",
      volume         = "172",
      year           = "1980",
      pages          = "425",
      doi            = "10.1016/0550-3213(80)90175-3",
      reportNumber   = "CERN-TH-2755",
      SLACcitation   = "%%CITATION = NUPHA,B172,425;%%"
}

@article{Lansberg_Quarkonium,
      author         = "Lansberg, J. P.",
      title          = "{$J/\psi$, $\psi$ ' and $\upsilon$ production at hadron colliders: A Review}",
      journal        = "Int. J. Mod. Phys. A",
      volume         = "21",
      year           = "2006",
      pages          = "3857",
      doi            = "10.1142/S0217751X06033180",
      eprint         = "hep-ph/0602091",
      archivePrefix  = "arXiv",
      primaryClass   = "hep-ph",
      SLACcitation   = "%%CITATION = HEP-PH/0602091;%%"
}

@article{Lansberg_RHIC,
      author         = "Brodsky, Stanley J. and Lansberg, Jean-Philippe",
      title          = "{Heavy-Quarkonium Production in High Energy Proton-Proton Collisions at RHIC}",
      journal        = "Phys. Rev. D",
      volume         = "81",
      year           = "2010",
      pages          = "051502",
      doi            = "10.1103/PhysRevD.81.051502",
      eprint         = "0908.0754",
      archivePrefix  = "arXiv",
      primaryClass   = "hep-ph",
      reportNumber   = "SLAC-PUB-13736, INT-PUB-09-037",
      SLACcitation   = "%%CITATION = ARXIV:0908.0754;%%"
}

@article{Quarkonium_Overview,
      author         = "Andronic, A. and others",
      title          = "{Heavy-flavour and quarkonium production in the LHC era: from protonâ€“proton to heavy-ion collisions}",
      journal        = "Eur. Phys. J. C",
      volume         = "76",
      year           = "2016",
      number         = "3",
      pages          = "107",
      doi            = "10.1140/epjc/s10052-015-3819-5",
      eprint         = "1506.03981",
      archivePrefix  = "arXiv",
      primaryClass   = "nucl-ex",
      SLACcitation   = "%%CITATION = ARXIV:1506.03981;%%"
}

@article{Quarkonium_Overview_2,
      author         = "Brambilla, N. and others",
      title          = "{Heavy quarkonium physics}",
      collaboration  = "Quarkonium Working Group",
      year           = "2004",
      eprint         = "hep-ph/0412158",
      archivePrefix  = "arXiv",
      primaryClass   = "hep-ph",
      reportNumber   = "FERMILAB-FN-0779, CERN-2005-005",
      SLACcitation   = "%%CITATION = HEP-PH/0412158;%%"
}

@article{Charmonium_Tevatron,
      author         = "Abe, F. and others",
      title          = "{Production of $J/\psi$ mesons from $\chi_c$ meson decays in $p\bar{p}$ collisions at $\sqrt{s} = 1.8$ TeV}",
      collaboration  = "CDF",
      journal        = "Phys. Rev. Lett.",
      volume         = "79",
      year           = "1997",
      pages          = "578",
      doi            = "10.1103/PhysRevLett.79.578",
      reportNumber   = "FERMILAB-PUB-97-026-E, CDF-PUB-BOTTOM-PUBLIC-3685, FERMILAB-PUB-98-173-EK",
      SLACcitation   = "%%CITATION = PRLTA,79,578;%%"
}

@article{CEM_1,
      author         = "Fritzsch, Harald",
      title          = "{Producing Heavy Quark Flavors in Hadronic Collisions: A Test of Quantum Chromodynamics}",
      journal        = "Phys. Lett. B",
      volume         = "67",
      year           = "1977",
      pages          = "217",
      doi            = "10.1016/0370-2693(77)90108-3",
      reportNumber   = "CALT-68-582",
      SLACcitation   = "%%CITATION = PHLTA,67B,217;%%"
}


@article{CEM_2,
      author         = "Halzen, F.",
      title          = "{CVC for Gluons and Hadroproduction of Quark Flavors}",
      journal        = "Phys. Lett. B",
      volume         = "69",
      year           = "1977",
      pages          = "105",
      doi            = "10.1016/0370-2693(77)90144-7",
      reportNumber   = "Print-77-0411 (RUTHERFORD), RL-77-050/A",
      SLACcitation   = "%%CITATION = PHLTA,69B,105;%%"
}

@article{CEM_NLO,
      author         = "Gavai, R. and Kharzeev, D. and Satz, H. and Schuler, G. A. and Sridhar, K. and Vogt, R.",
      title          = "{Quarkonium production in hadronic collisions}",
      journal        = "Int. J. Mod. Phys. A",
      volume         = "10",
      year           = "1995",
      pages          = "3043",
      doi            = "10.1142/S0217751X95001443",
      eprint         = "hep-ph/9502270",
      archivePrefix  = "arXiv",
      primaryClass   = "hep-ph",
      reportNumber   = "CERN-TH-7526-94, BI-TP-63-94, CERN-TH.7526-94",
      SLACcitation   = "%%CITATION = HEP-PH/9502270;%%"
}

@article{CEM_Experiment,
      author         = "Amundson, J. F. and Eboli, Oscar J. P. and Gregores, E. M. and Halzen, F.",
      title          = "{Quantitative tests of color evaporation: Charmonium production}",
      journal        = "Phys. Lett. B",
      volume         = "390",
      year           = "1997",
      pages          = "323",
      doi            = "10.1016/S0370-2693(96)01417-7",
      eprint         = "hep-ph/9605295",
      archivePrefix  = "arXiv",
      primaryClass   = "hep-ph",
      reportNumber   = "MADPH-96-942",
      SLACcitation   = "%%CITATION = HEP-PH/9605295;%%"
}

@article{CEM_Chic_LHC,
      author         = "Chatrchyan, Serguei and others",
      title          = "{Measurement of the relative prompt production rate of chi(c2) and chi(c1) in $pp$ collisions at $\sqrt{s}=7$ TeV}",
      collaboration  = "CMS",
      journal        = "Eur. Phys. J. C",
      volume         = "72",
      year           = "2012",
      pages          = "2251",
      doi            = "10.1140/epjc/s10052-012-2251-3",
      eprint         = "1210.0875",
      archivePrefix  = "arXiv",
      primaryClass   = "hep-ex",
      reportNumber   = "CMS-BPH-11-010, CERN-PH-EP-2012-271",
      SLACcitation   = "%%CITATION = ARXIV:1210.0875;%%"
}

@article{CEM_Chic_Tevatron,
      author         = "Abulencia, A. and others",
      title          = "{Measurement of $\sigma_{\chi_{c2}}{\text B}(\chi_{c2} \to J/\psi \gamma)/\sigma_{\chi_{c1}} {\text B}(\chi_{c1} \to J/\psi \gamma)$ in $p \bar{p}$ collisions at $\sqrt{s}$ = 1.96-TeV}",
      collaboration  = "CDF",
      journal        = "Phys. Rev. Lett.",
      volume         = "98",
      year           = "2007",
      pages          = "232001",
      doi            = "10.1103/PhysRevLett.98.232001",
      eprint         = "hep-ex/0703028",
      archivePrefix  = "arXiv",
      primaryClass   = "HEP-EX",
      reportNumber   = "FERMILAB-PUB-07-066-E",
      SLACcitation   = "%%CITATION = HEP-EX/0703028;%%"
}

@article{ICEM,
      author         = "Cheung, Vincent and Vogt, Ramona",
      title          = "{Polarized Heavy Quarkonium Production in the Color Evaporation Model}",
      journal        = "Phys. Rev. D",
      volume         = "95",
      year           = "2017",
      number         = "7",
      pages          = "074021",
      doi            = "10.1103/PhysRevD.95.074021",
      eprint         = "1702.07809",
      archivePrefix  = "arXiv",
      primaryClass   = "hep-ph",
      SLACcitation   = "%%CITATION = ARXIV:1702.07809;%%"
}

@inproceedings{NRQCD,
      author         = "Bodwin, Geoffrey T. and Braaten, Eric and Lepage, G. Peter",
      title          = "{Rigorous QCD predictions for decays of p wave quarkonia}",
      booktitle      = "{The Fermilab Meeting DPF 92. Proceedings, 7th Meeting of the American Physical Society, Division of Particles and Fields, Batavia, USA, November 10-14, 1992. Vol. 1, 2}",
      url            = "https://inspirehep.net/record/340720/files/arXiv:hep-ph_9211253.pdf",
      year           = "1992",
      pages          = "1063",
      eprint         = "hep-ph/9211253",
      archivePrefix  = "arXiv",
      primaryClass   = "hep-ph",
      reportNumber   = "ANL-HEP-CP-92-109",
      SLACcitation   = "%%CITATION = HEP-PH/9211253;%%"
}

@article{NRQCD_ATLAS,
      author         = "Aad, Georges and others",
      title          = "{Measurement of the differential cross-sections of prompt and non-prompt production of $J/\psi $ and $\psi (2\text{S})$ in $pp$ collisions at $\sqrt{s} = 7$ and 8 TeV with the ATLAS detector}",
      collaboration  = "ATLAS",
      journal        = "Eur. Phys. J. C",
      volume         = "76",
      year           = "2016",
      number         = "5",
      pages          = "283",
      doi            = "10.1140/epjc/s10052-016-4050-8",
      eprint         = "1512.03657",
      archivePrefix  = "arXiv",
      primaryClass   = "hep-ex",
      reportNumber   = "CERN-PH-EP-2015-292",
      SLACcitation   = "%%CITATION = ARXIV:1512.03657;%%"
}

@article{NRQCD_LHCb,
      author         = "Paul, Biswarup and Mandal, Mahatsab and Roy, Pradip and Chattapadhyay, Sukalyan",
      title          = "{Systematic study of charmonium production in p-p collisions at LHC energies}",
      journal        = "J. Phys. G",
      volume         = "42",
      year           = "2015",
      number         = "6",
      pages          = "065101",
      doi            = "10.1088/0954-3899/42/6/065101",
      eprint         = "1411.6783",
      archivePrefix  = "arXiv",
      primaryClass   = "hep-ph",
      SLACcitation   = "%%CITATION = ARXIV:1411.6783;%%"
}

@article{NRQCD_EXPYIELD,
      author         = "Sharma, Rishi and Vitev, Ivan",
      title          = "{High transverse momentum quarkonium production and dissociation in heavy ion collisions}",
      journal        = "Phys. Rev. C",
      volume         = "87",
      year           = "2013",
      number         = "4",
      pages          = "044905",
      doi            = "10.1103/PhysRevC.87.044905",
      eprint         = "1203.0329",
      archivePrefix  = "arXiv",
      primaryClass   = "hep-ph",
      SLACcitation   = "%%CITATION = ARXIV:1203.0329;%%"
}

@article{NRQCD_EXPYIELD_2,
      author         = "Ma, Yan-Qing and Venugopalan, Raju",
      title          = "{Comprehensive Description of J/Ïˆ Production in Proton-Proton Collisions at Collider Energies}",
      journal        = "Phys. Rev. Lett.",
      volume         = "113",
      year           = "2014",
      number         = "19",
      pages          = "192301",
      doi            = "10.1103/PhysRevLett.113.192301",
      eprint         = "1408.4075",
      archivePrefix  = "arXiv",
      primaryClass   = "hep-ph",
      SLACcitation   = "%%CITATION = ARXIV:1408.4075;%%"
}

@article{NRQCD_POLFAIL,
      author         = "Shao, H. S. and Han, H. and Ma, Y. Q. and Meng, C. and Zhang, Y. J. and Chao, K. T.",
      title          = "{Yields and polarizations of prompt $J/\psi$ and $\psi(2S)$ production in hadronic collisions}",
      journal        = "JHEP",
      volume         = "05",
      year           = "2015",
      pages          = "103",
      doi            = "10.1007/JHEP05(2015)103",
      eprint         = "1411.3300",
      archivePrefix  = "arXiv",
      primaryClass   = "hep-ph",
      SLACcitation   = "%%CITATION = ARXIV:1411.3300;%%"
}

@article{NRQCD_POLFAIL_2,
      author         = "Sun, Zhan and Zhang, Hong-Fei",
      title          = "{Reconciling charmonium production and polarization data in the midrapidity region at hadron colliders within the nonrelativistic QCD framework}",
      journal        = "Chin. Phys. C",
      volume         = "42",
      year           = "2018",
      number         = "4",
      pages          = "043104",
      doi            = "10.1088/1674-1137/42/4/043104",
      eprint         = "1505.02675",
      archivePrefix  = "arXiv",
      primaryClass   = "hep-ph",
      SLACcitation   = "%%CITATION = ARXIV:1505.02675;%%"
}

@article{NRQCD_JETFAIL,
      author         = "Aaij, Roel and others",
      title          = "{Study of J/Ïˆ Production in Jets}",
      collaboration  = "LHCb",
      journal        = "Phys. Rev. Lett.",
      volume         = "118",
      year           = "2017",
      number         = "19",
      pages          = "192001",
      doi            = "10.1103/PhysRevLett.118.192001",
      eprint         = "1701.05116",
      archivePrefix  = "arXiv",
      primaryClass   = "hep-ex",
      reportNumber   = "LHCB-PAPER-2016-064, CERN-EP-2017-006",
      SLACcitation   = "%%CITATION = ARXIV:1701.05116;%%"
}

@article{NRQCD_JETFAIL_2,
      author         = "CMS Collaboration",
      title          = "{Production of prompt and nonprompt ${\text{J}}\hspace{-.08em}/\hspace{-.14em}\psi$ mesons in jets in pp collisions at $\sqrt{s} = 5.02~\text{TeV}$}",
      collaboration  = "CMS",
      year           = "2018",
      reportNumber   = "CMS-PAS-HIN-18-012",
      SLACcitation   = "%%CITATION = CMS-PAS-HIN-18-012;%%"
}

@article{CharmoniumColourDiagrams,
      author         = "Lansberg, J. P.",
      title          = "{On the mechanisms of heavy-quarkonium hadroproduction}",
      booktitle      = "{Proceedings, 3rd International Conference on Hard and Electromagnetic Probes of High-Energy Nuclear Collisions (Hard Probes 2008): Illa da Toxa, Spain, June 8-14, 2008}",
      journal        = "Eur. Phys. J. C",
      volume         = "61",
      year           = "2009",
      pages          = "693",
      doi            = "10.1140/epjc/s10052-008-0826-9",
      eprint         = "0811.4005",
      archivePrefix  = "arXiv",
      primaryClass   = "hep-ph",
      reportNumber   = "SLAC-PUB-13473",
      SLACcitation   = "%%CITATION = ARXIV:0811.4005;%%"
}



