%% This BibTeX bibliography file was created using BibDesk.
%% http://bibdesk.sourceforge.net/


%% Saved with string encoding Unicode (UTF-8)

@article{LHC,
      author         = "Benedikt, M. and Collier, P. and Mertens, V. and Poole, J. and Schindl, K.",
      title          = "{LHC Design Report. 3. The LHC injector chain}",
      year           = "2004",
      reportNumber   = "CERN-2004-003-V-3, CERN-2004-003",
      SLACcitation   = "%%CITATION = CERN-2004-003-V-3;%%"
}

@article{LHCLayoutImage,
      author        = "Antonella Del Rosso",
      title         = "{Particle kickers. Aiguiller les particules}",
      year          = "2014",
      reportNumber  = "BUL-NA-2014-121",
      pages         = "1",
      month         = "Jun",
      url           = "https://cds.cern.ch/record/1706606",
}

@inproceedings{LHCPbPb2015,
      author         = "Jowett, J. and others",
      title          = "{The 2015 Heavy-Ion Run of the LHC}",
      booktitle      = "{Proceedings, 7th International Particle Accelerator Conference (IPAC 2016): Busan, Korea, May 8-13, 2016}",
      year           = "2016",
      url            = "http://inspirehep.net/record/1469938/files/tupmw027.pdf",
      pages          = "TUPMW027",
      doi            = "10.18429/JACoW-IPAC2016-TUPMW027",
      SLACcitation   = "%%CITATION = INSPIRE-1469938;%%"
}

@inproceedings{LHCpPb2016,
      author         = "Jowett, J. and others",
      title          = "{The 2016 Proton-Nucleus Run of the LHC}",
      booktitle      = "{Proceedings, 8th International Particle Accelerator Conference (IPAC 2017): Copenhagen, Denmark, May 14-19, 2017}",
      year           = "2017",
      url            = "http://inspirehep.net/record/1626343/files/tupva014.pdf",
      pages          = "TUPVA014",
      doi            = "10.18429/JACoW-IPAC2017-TUPVA014",
      SLACcitation   = "%%CITATION = INSPIRE-1626343;%%"
}

@article{LHCInjectorChain,
      author         = "Manglunki, D.",
      title          = "{Challenges and Plans for the Ion Injectors}",
      journal        = "Adv. Ser. Direct. High Energy Phys.",
      volume         = "24",
      year           = "2015",
      pages          = "311",
      doi            = "10.1142/9789814675475_0018",
      SLACcitation   = "%%CITATION = 00319,24,311;%%"
}

@article{LHCIons,
      author         = "Angoletta, M. E. and others",
      title          = "{Ions for LHC: Beam physics and engineering challenges}",
      booktitle      = "{Particle accelerator. Proceedings, Conference, PAC'05, Knoxville, USA, May 16-20, 2005}",
      journal        = "Conf. Proc. C",
      volume         = "0505161",
      year           = "2005",
      pages          = "946",
      doi            = "10.1109/PAC.2005.1590620",
      reportNumber   = "CERN-LHC-PROJECT-REPORT-848, PAC-2005-RPPE005",
      SLACcitation   = "%%CITATION = CONFP,C0505161,946;%%"
}

@inproceedings{LHCScheme,
      author         = "Jowett, J.M.",
      title          = "{Colliding Heavy Ions in the LHC}",
      booktitle      = "{Proceedings, 9th International Particle Accelerator Conference (IPAC 2018): Vancouver, BC, Canada, April 29 - May 4, 2018}",
      year           = "2018",
      url            = "http://ipac2018.vrws.de/papers/tuxgbd2.pdf",
      pages          = "TUXGBD2",
      doi            = ""
}

@article{LHCb,
      author         = "Alves, Jr., A. A. and others",
      title          = "{The LHCb Detector at the LHC}",
      collaboration  = "LHCb",
      journal        = "JINST",
      volume         = "3",
      year           = "2008",
      pages          = "S08005",
      doi            = "10.1088/1748-0221/3/08/S08005",
      SLACcitation   = "%%CITATION = JINST,3,S08005;%%"
}

@article{ATLAS,
      author         = "Aad, G. and others",
      title          = "{The ATLAS Experiment at the CERN Large Hadron Collider}",
      collaboration  = "ATLAS",
      journal        = "JINST",
      volume         = "3",
      year           = "2008",
      pages          = "S08003",
      doi            = "10.1088/1748-0221/3/08/S08003",
      SLACcitation   = "%%CITATION = JINST,3,S08003;%%"
}

@article{CMS,
      author         = "Chatrchyan, S. and others",
      title          = "{The CMS Experiment at the CERN LHC}",
      collaboration  = "CMS",
      journal        = "JINST",
      volume         = "3",
      year           = "2008",
      pages          = "S08004",
      doi            = "10.1088/1748-0221/3/08/S08004",
      SLACcitation   = "%%CITATION = JINST,3,S08004;%%"
}

@article{ALICE,
      author         = "Aamodt, K. and others",
      title          = "{The ALICE experiment at the CERN LHC}",
      collaboration  = "ALICE",
      journal        = "JINST",
      volume         = "3",
      year           = "2008",
      pages          = "S08002",
      doi            = "10.1088/1748-0221/3/08/S08002",
      SLACcitation   = "%%CITATION = JINST,3,S08002;%%"
}

@article{CMSLayout,
      author         = "Sakuma, T. and McCauley, T.",
      title          = "{Detector and Event Visualization with SketchUp at the CMS Experiment}",
      booktitle      = "{Proceedings, 20th International Conference on Computing in High Energy and Nuclear Physics (CHEP 2013): Amsterdam, The Netherlands, October 14-18, 2013}",
      journal        = "J. Phys. Conf. Ser.",
      volume         = "513",
      year           = "2014",
      pages          = "022032",
      doi            = "10.1088/1742-6596/513/2/022032",
      eprint         = "1311.4942",
      archivePrefix  = "arXiv",
      primaryClass   = "physics.ins-det",
      reportNumber   = "CMS-CR-2013-379, FERMILAB-CONF-13-592-CMS-WDRS,
                        CMS-CR-2013-379-",
      SLACcitation   = "%%CITATION = ARXIV:1311.4942;%%"
}

@article{CMSECAL,
      author         = "Benaglia, A.",
      title          = "{The CMS ECAL performance with examples}",
      booktitle      = "{Proceedings, 13th Topical Seminar on Innovative Particle and Radiation Detectors (IPRD13): Siena, Italy, October 7-10, 2013}",
      collaboration  = "CMS",
      journal        = "JINST",
      volume         = "9",
      year           = "2014",
      pages          = "C02008",
      doi            = "10.1088/1748-0221/9/02/C02008",
      SLACcitation   = "%%CITATION = JINST,9,C02008;%%"
}

@article{MuonReco,
      author         = "Sirunyan, A. M and others",
      title          = "{Performance of the CMS muon detector and muon reconstruction with proton-proton collisions at $\sqrt{s}=$ 13 TeV}",
      collaboration  = "CMS",
      journal        = "JINST",
      volume         = "13",
      year           = "2018",
      number         = "06",
      pages          = "P06015",
      doi            = "10.1088/1748-0221/13/06/P06015",
      eprint         = "1804.04528",
      archivePrefix  = "arXiv",
      primaryClass   = "physics.ins-det",
      reportNumber   = "CMS-MUO-16-001, CERN-EP-2018-058, CMS-MUO-16-001,
                        CERN-EP-2018-058",
      SLACcitation   = "%%CITATION = ARXIV:1804.04528;%%"
}

@article{KalmanFilter,
      author         = "Fruhwirth, R.",
      title          = "{Application of Kalman filtering to track and vertex fitting}",
      journal        = "Nucl. Instrum. Meth.",
      volume         = "A262",
      year           = "1987",
      pages          = "444",
      doi            = "10.1016/0168-9002(87)90887-4",
      reportNumber   = "HEPHY-PUB-87-503",
      SLACcitation   = "%%CITATION = NUIMA,A262,444;%%"
}

@inproceedings{HLTHardware,
      author         = "Andr{\'e}, J.-M. and others",
      title          = "{Performance of the new DAQ system of the CMS experiment for run-2}",
      booktitle      = "{Proceedings, 20th IEEE-NPSS Real Time Conference (RT2016): Padua, Italy, June 5-10, 2016}",
      year           = "2016",
      doi            = "10.1109/RTC.2016.7543164",
      SLACcitation   = "%%CITATION = INSPIRE-1592115;%%"
}

@article{Stage2L1Calorimeter,
      author         = "Zabi, A. and others",
      title          = "{Triggering on electrons, jets and tau leptons with the CMS upgraded calorimeter trigger for the LHC RUN II}",
      booktitle      = "{Proceedings, Topical Workshop on Electronics for Particle Physics (TWEPP15): Lisbon, Portugal, September 28 - October 02, 2015}",
      journal        = "JINST",
      volume         = "11",
      year           = "2016",
      number         = "02",
      pages          = "C02008",
      doi            = "10.1088/1748-0221/11/02/C02008",
      SLACcitation   = "%%CITATION = JINST,11,C02008;%%"
}

@article{L1_Stage2,
      author         = "Tapper, A. and Acosta, Darin",
      title          = "{CMS Technical Design Report for the Level-1 Trigger Upgrade}",
      collaboration  = "CMS",
      year           = "2013",
      reportNumber   = "CERN-LHCC-2013-011, CMS-TDR-12, CMS-TDR-012",
      SLACcitation   = "%%CITATION = CERN-LHCC-2013-011;%%"
}

@techreport{CMSMuonUpgrade,
      author        = "Battilana, C.",
      title         = "{The CMS muon system  status and upgrades for LHC run-2 and performance of muon reconstruction with 13 TeV data}",
      institution   = "CERN",
      collaboration = "CMS Collaboration",
      address       = "Geneva",
      number        = "CMS-CR-2016-437",
      month         = "Dec",
      year          = "2016",
      reportNumber  = "CMS-CR-2016-437",
      url           = "http://cds.cern.ch/record/2239185",
}

@article{CMSHCALUpgrade,
      author         = "Mans, J. and Anderson, J. and Dahmes, B. and de Barbaro,
                        P. and Freeman, J. and Grassi, T. and Hazen, E. and Mans,
                        J. and Ruchti, R. and Schimdt, I. and others ",
      title          = "{CMS Technical Design Report for the Phase 1 Upgrade of the Hadron Calorimeter}",
      collaboration  = "CMS",
      doi            = "10.2172/1151651",
      year           = "2012",
      reportNumber   = "CERN-LHCC-2012-015, CMS-TDR-010, FERMILAB-DESIGN-2012-01",
      SLACcitation   = "%%CITATION = CERN-LHCC-2012-015;%%"
}

@article{CMSMuonFig,
      author         = "Abbiendi, G.",
      title          = "{The CMS muon system in Run2: preparation, status and first results}",
      booktitle      = "{Proceedings,  2015 European Physical Society Conference on High Energy Physics (EPS-HEP 2015): Vienna, Austria, July 22-29, 2015}",
      collaboration  = "CMS",
      journal        = "PoS",
      volume         = "EPS-HEP2015",
      year           = "2015",
      pages          = "237",
      eprint         = "1510.05424",
      archivePrefix  = "arXiv",
      primaryClass   = "physics.ins-det",
      reportNumber   = "CMS-CR-2015-237",
      SLACcitation   = "%%CITATION = ARXIV:1510.05424;%%"
}

@article{CMSMuonDTFig,
      author         = "Chatrchyan, S. and others",
      title          = "{Performance of the CMS Drift Tube Chambers with Cosmic Rays}",
      collaboration  = "CMS",
      journal        = "JINST",
      volume         = "5",
      year           = "2010",
      pages          = "T03015",
      doi            = "10.1088/1748-0221/5/03/T03015",
      eprint         = "0911.4855",
      archivePrefix  = "arXiv",
      primaryClass   = "physics.ins-det",
      reportNumber   = "CMS-CFT-09-012",
      SLACcitation   = "%%CITATION = ARXIV:0911.4855;%%"
}

@unpublished{L1TriggerLegacyFig,
      author         = "Brooke, J. J. and Cussans, D. G. and Frazier, R. and Heath, G. and Machin, D. and Newbold, D.",
      collaboration  = "CMS",
      year           = "2003",
      url            = "https://cds.cern.ch/record/722055",
}

@inproceedings{CMSMuonRPCFig_1,
      author        = "Abbrescia M. and others",
      title         = "{Beam Test Results on Resistive Plate Chambers for the CMS Experiment}",
      year          = "1997",
}

@misc{CMSMuonRPCFig_2,
      author         = "CMS Collaboration",
      title          = "{Resistive Plate Chambers}",
      year           = "2011",
      note           = "[Online; accessed July 7, 2018]",
      url            = "http://cms.web.cern.ch/news/resistive-plate-chambers",
}

@unpublished{MuonRecoFig,
      author        = "Barney, D.",
      title         = "{CMS Detector Slice}",
      month         = "Jan",
      year          = "2016",
      reportNumber  = "CMS-PHO-GEN-2016-001",
      url           = "https://cds.cern.ch/record/2120661",
      note          = "CMS Collection.",
}

@article{CMSTrigger,
      author         = "Khachatryan, Vardan and others",
      title          = "{The CMS trigger system}",
      collaboration  = "CMS",
      journal        = "JINST",
      volume         = "12",
      year           = "2017",
      number         = "01",
      pages          = "P01020",
      doi            = "10.1088/1748-0221/12/01/P01020",
      eprint         = "1609.02366",
      archivePrefix  = "arXiv",
      primaryClass   = "physics.ins-det",
      reportNumber   = "CMS-TRG-12-001, CERN-EP-2016-160",
      SLACcitation   = "%%CITATION = ARXIV:1609.02366;%%"
}

@article{Stage2L1Muon,
      author         = "Fulcher, J. and Lingemann, J. and Rabady, D. and Reis, T. and Sakulin, H.",
      title          = "{The New Global Muon Trigger of the CMS Experiment}",
      booktitle      = "{Proceedings, 20th IEEE-NPSS Real Time Conference (RT2016): Padua, Italy, June 5-10, 2016}",
      journal        = "IEEE Trans. Nucl. Sci.",
      volume         = "64",
      year           = "2017",
      number         = "6",
      pages          = "1467",
      doi            = "10.1109/TNS.2017.2663442",
      SLACcitation   = "%%CITATION = IETNA,64,1467;%%"
}
