%% This BibTeX bibliography file was created using BibDesk.
%% http://bibdesk.sourceforge.net/


%% Saved with string encoding Unicode (UTF-8)

@unpublished{ICHEP2018,
      author         = "Stahl Leiton, A. G.",
      title          = "\href{https://indico.cern.ch/event/686555/contributions/2956099/}{nPDF studies with electroweak bosons in pPb collisions with the CMS detector}",
      year           = "2018",
      note           = "XXXIX International Conference on High Energy Physics (ICHEP 2018): Seoul, Korea, July 4-11, 2018",
      URL            = "https://indico.cern.ch/event/686555/contributions/2956099/",
}

@unpublished{QM2018,
      author         = "Stahl Leiton, A. G.",
      title          = "\href{https://indico.cern.ch/event/656452/contributions/2869877/}{nPDF studies with electroweak bosons in pPb collisions at 8.16 TeV with the CMS detector}",
      year           = "2018",
      note           = "XXVII International Conference on Ultrarelativistic Nucleus-Nucleus Collisions (Quark Matter 2018): Venice, Italy, May 14-19, 2018",
      URL            = "https://indico.cern.ch/event/656452/contributions/2869877/",
}

@inproceedings{EPS2017,
      author         = "Stahl Leiton, A. G.",
      title          = "\href{https://pos.sissa.it/314/196/}{Charmonium production in pPb and PbPb collisions at 5.02 TeV with CMS}",
      booktitle      = "{Proceedings, 2017 European Physical Society Conference on High Energy Physics (EPS-HEP 2017): Venice, Italy, July 5-12, 2017}",
      collaboration  = "CMS",
      journal        = "Proceedings of Science",
      year           = "2017",
      pages          = "196",
      doi            = "10.22323/1.314.0196",
      SLACcitation   = "%%CITATION = POSCI,EPS-HEP2017,196;%%"
}

@inproceedings{HQ2016,
      author         = "Stahl, A. G.",
      title          = "\href{http://iopscience.iop.org/article/10.1088/1742-6596/832/1/012031/meta}{Charmonium production in pp, pPb and PbPb collisions with CMS}",
      booktitle      = "{Proceedings, Hot Quarks 2016: Workshop for Young Scientists on the Physics of Ultrarelativistic Nucleus-Nucleus Collisions (HQ2016): South Padre Island, Texas, September 12-17, 2016}",
      collaboration  = "CMS",
      journal        = "Journal of Physics: Conference Series",
      volume         = "832",
      year           = "2017",
      pages          = "012031",
      doi            = "10.1088/1742-6596/832/1/012031",
      reportNumber   = "CMS-CR-2016-284",
      SLACcitation   = "%%CITATION = 00462,832,012031;%%"
}

@article{FermiDiracStatistics_1,
      author         = "Fermi, E.",
      title          = "\href{http://www.if.ufrj.br/~moriconi/termo_fisest/fermi.pdf}{Sulla quantizzazione del gas perfetto monoatomico}",
      journal        = "Rendiconti Lincei",
      volume         = "3",
      year           = "1926",
      pages          = "145",
      ISSN           = "0001-4435"
}

@article {FermiDiracStatistics_2,
      author         = "Dirac, P. A. M.",
      title          = "\href{http://rspa.royalsocietypublishing.org/content/112/762/661}{On the theory of quantum mechanics}",
      journal        = "Proceedings of the Royal Society of London A: Mathematical, Physical and Engineering Sciences",
      volume         = "112",
      year           = "1926",
      pages          = "661",
      number         = "762",
      doi            = "10.1098/rspa.1926.0133",
      issn           = "0950-1207",
      URL            = "http://rspa.royalsocietypublishing.org/content/112/762/661",
      eprint         = "http://rspa.royalsocietypublishing.org/content/112/762/661.full.pdf",
}

@article{PauliExclusion,
      author         = "Pauli, W.",
      title          = "\href{https://link.springer.com/article/10.1007%2FBF02980631}{{\"U}ber den Zusammenhang des Abschlusses der Elektronengruppen im Atom mit der Komplexstruktur der Spektren}",
      journal        = "Zeitschrift f{\"u}r Physik",
      volume         = "31",
      year           = "1925",
      pages          = "765",
      number         = "1",
      issn           = "0044-3328",
      doi            = "10.1007/BF02980631",
      url            = "https://doi.org/10.1007/BF02980631"
}

@article{BoseEinsteinStatistics_1,
      author         = "Bose, S. N.",
      title          = "\href{https://link.springer.com/article/10.1007/BF01327326}{Plancks Gesetz und Lichtquantenhypothese}",
      journal        = "Zeitschrift f{\"u}r Physik",
      volume         = "26",
      year           = "1924",
      pages          = "178",
      number         = "1",
      issn           = "0044-3328",
      doi            = "10.1007/BF01327326",
      url            = "https://doi.org/10.1007/BF01327326"
}

@article{BoseEinsteinStatistics_2,
      author         = "Einstein, A.",
      title          = "\href{http://digitalcollections.library.cmu.edu/awweb/awarchive?type=file&item=393674}{Quantentheorie des einatomigen idealen Gases}",
      journal        = "Sitzungber. Kgl. Akad. Wiss.",
      year           = "1924",
      pages          = "261"
}

@article{Tetraquark,
      author         = "Bondar, A. and others",
      title          = "\href{https://journals.aps.org/prl/abstract/10.1103/PhysRevLett.108.122001}{Observation of two charged bottomonium-like resonances in Y(5S) decays}",
      collaboration  = "Belle",
      journal        = "Physical Review Letters",
      volume         = "108",
      year           = "2012",
      pages          = "122001",
      number         = "6",
      doi            = "10.1103/PhysRevLett.108.122001",
      eprint         = "1110.2251",
      archivePrefix  = "arXiv",
      primaryClass   = "hep-ex",
      SLACcitation   = "%%CITATION = ARXIV:1110.2251;%%"
}

@article{Pentaquarks,
      author         = "Aaij, Roel and others",
      title          = "{Observation of $J/\psi p$ Resonances Consistent with Pentaquark States in $\Lambda_b^0 \to J/\psi K^- p$ Decays}",
      collaboration  = "LHCb",
      journal        = "Phys. Rev. Lett.",
      volume         = "115",
      year           = "2015",
      pages          = "072001",
      doi            = "10.1103/PhysRevLett.115.072001",
      eprint         = "1507.03414",
      archivePrefix  = "arXiv",
      primaryClass   = "hep-ex",
      reportNumber   = "CERN-PH-EP-2015-153, LHCB-PAPER-2015-029",
      SLACcitation   = "%%CITATION = ARXIV:1507.03414;%%"
}

@article{EightFoldWay_1,
      author         = "Gell-Mann, M.",
      title          = "{The Eightfold Way: A Theory of strong interaction symmetry}",
      year           = "1961",
      reportNumber   = "CTSL-20, TID-12608",
      SLACcitation   = "%%CITATION = CTSL-20;%%"
}

@article{EightFoldWay_2,
      author         = "Ne'eman, Y.",
      title          = "{Derivation of strong interactions from a gauge invariance}",
      journal        = "Nucl. Phys.",
      volume         = "26",
      year           = "1961",
      pages          = "222",
      doi            = "10.1016/0029-5582(61)90134-1",
      note           = "[,34(1961)]",
      SLACcitation   = "%%CITATION = NUPHA,26,222;%%"
}

@article{QuarkModel_1,
      author         = "Gell-Mann, M.",
      title          = "{A Schematic Model of Baryons and Mesons}",
      journal        = "Phys. Lett.",
      volume         = "8",
      year           = "1964",
      pages          = "214",
      doi            = "10.1016/S0031-9163(64)92001-3",
      SLACcitation   = "%%CITATION = PHLTA,8,214;%%"
}

@article{QuarkModel_2,
      author         = "Zweig, G.",
      title          = "{An SU(3) model for strong interaction symmetry and its breaking. Version 2}",
      journal        = "Developments in the Quark Theory of Hadrons",
      volume         = "1",
      year           = "1964",
      pages          = "22",
      url            = "http://inspirehep.net/record/4674/files/cern-th-412.pdf",
      reportNumber   = "CERN-TH-412, NP-14146, PRINT-64-170",
      SLACcitation   = "%%CITATION = CERN-TH-412;%%"
}

@article{ColourCharge,
      author         = "Greenberg, O. W.",
      title          = "{Spin and Unitary Spin Independence in a Paraquark Model of Baryons and Mesons}",
      journal        = "Phys. Rev. Lett.",
      volume         = "13",
      year           = "1964",
      pages          = "598",
      doi            = "10.1103/PhysRevLett.13.598",
      SLACcitation   = "%%CITATION = PRLTA,13,598;%%"
}

@article{QCD,
      author         = "Fritzsch, H. and Gell-Mann, M. and Leutwyler, H.",
      title          = "{Advantages of the Color Octet Gluon Picture}",
      journal        = "Phys. Lett. B",
      volume         = "47",
      year           = "1973",
      pages          = "365",
      doi            = "10.1016/0370-2693(73)90625-4",
      reportNumber   = "CALT-68-409",
      SLACcitation   = "%%CITATION = PHLTA,47B,365;%%"
}

@article{YangMillsTheory,
      author         = "Yang, C. and Mills, R. L.",
      title          = "{Conservation of Isotopic Spin and Isotopic Gauge
                        Invariance}",
      journal        = "Phys. Rev.",
      volume         = "96",
      year           = "1954",
      pages          = "191",
      doi            = "10.1103/PhysRev.96.191",
      note           = "[,150(1954)]",
      SLACcitation   = "%%CITATION = PHRVA,96,191;%%"
}

@article{Renomalization,
      author         = "'t Hooft, G. and Veltman, M. J. G.",
      title          = "{Regularization and Renormalization of Gauge Fields}",
      journal        = "Nucl. Phys. B",
      volume         = "44",
      year           = "1972",
      pages          = "189",
      doi            = "10.1016/0550-3213(72)90279-9",
      SLACcitation   = "%%CITATION = NUPHA,B44,189;%%"
}

@article{AsymptoticFreedom_1,
      author         = "Gross, D. J. and Wilczek, F.",
      title          = "{Ultraviolet Behavior of Nonabelian Gauge Theories}",
      journal        = "Phys. Rev. Lett.",
      volume         = "30",
      year           = "1973",
      pages          = "1343",
      doi            = "10.1103/PhysRevLett.30.1343",
      note           = "[,271(1973)]",
      SLACcitation   = "%%CITATION = PRLTA,30,1343;%%"
}

@article{AsymptoticFreedom_2,
      author         = "Politzer, H. D.",
      title          = "{Reliable Perturbative Results for Strong Interactions?}",
      journal        = "Phys. Rev. Lett.",
      volume         = "30",
      year           = "1973",
      pages          = "1346",
      doi            = "10.1103/PhysRevLett.30.1346",
      note           = "[,274(1973)]",
      SLACcitation   = "%%CITATION = PRLTA,30,1346;%%"
}

@article{Broglie,
      author         = "de Broglie, L. V. P. R.",
      title          = "{Recherches sur la th{\'e}orie des quanta}",
      journal        = "Annals Phys.",
      volume         = "2",
      year           = "1925",
      pages          = "22",
      SLACcitation   = "%%CITATION = APNYA,2,22;%%"
}

@article{QCDConfinement_Figure,
      author         = "Chernodub, M. N.",
      title          = "{Background magnetic field stabilizes QCD string against breaking}",
      year           = "2010",
      eprint         = "1001.0570",
      archivePrefix  = "arXiv",
      primaryClass   = "hep-ph",
      SLACcitation   = "%%CITATION = ARXIV:1001.0570;%%"
}

@article{BjorkenX,
      author         = "Bjorken, J. D.",
      title          = "{CURRENT ALGEBRA AT SMALL DISTANCES}",
      booktitle      = "{41st International School of Physics 'Enrico Fermi' : Selected topics in particle physics = Scuola Internazionale di Fisica 'Enrico Fermi' : Argomenti scelti sulla fisica delle particelle Varenna, Italy, July 17, 1967}",
      journal        = "Conf. Proc.",
      volume         = "670717",
      year           = "1967",
      pages          = "55",
      reportNumber   = "SLAC-PUB-0338",
      SLACcitation   = "%%CITATION = CONFP,C670717,55;%%"
}

@article{QCDFactTheo,
      author         = "Collins, J. C. and Soper, D. E. and Sterman, G. F.",
      title          = "\href{https://www.worldscientific.com/doi/abs/10.1142/9789814503266_0001}{Factorization of Hard Processes in QCD}",
      journal        = "Adv. Ser. Direct. High Energy Phys.",
      volume         = "5",
      year           = "1989",
      pages          = "1",
      doi            = "10.1142/9789814503266_0001",
      eprint         = "hep-ph/0409313",
      archivePrefix  = "arXiv",
      primaryClass   = "hep-ph",
      reportNumber   = "ITP-SB-89-31",
      SLACcitation   = "%%CITATION = HEP-PH/0409313;%%"
}

@article{DGLAP_1,
      author         = "Altarelli, G. and Parisi, G.",
      title          = "{Asymptotic Freedom in Parton Language}",
      journal        = "Nucl. Phys. B",
      volume         = "126",
      year           = "1977",
      pages          = "298",
      doi            = "10.1016/0550-3213(77)90384-4",
      reportNumber   = "LPTENS-77-6",
      SLACcitation   = "%%CITATION = NUPHA,B126,298;%%"
}

@article{DGLAP_2,
      author         = "Dokshitzer, Y. L.",
      title          = "{Calculation of the Structure Functions for Deep Inelastic Scattering and e+ e- Annihilation by Perturbation Theory in Quantum Chromodynamics.}",
      journal        = "Sov. Phys. JETP",
      volume         = "46",
      year           = "1977",
      pages          = "641",
      note           = "[Zh. Eksp. Teor. Fiz.73,1216(1977)]",
      SLACcitation   = "%%CITATION = SPHJA,46,641;%%"
}

@article{DGLAP_3,
      author         = "Gribov, V. N. and Lipatov, L. N.",
      title          = "{Deep inelastic e p scattering in perturbation theory}",
      journal        = "Sov. J. Nucl. Phys.",
      volume         = "15",
      year           = "1972",
      pages          = "438",
      note           = "[Yad. Fiz.15,781(1972)]",
      reportNumber   = "IPTI-381-71",
      SLACcitation   = "%%CITATION = SJNCA,15,438;%%"
}

@article{HERAStrucFunc,
      author         = "Chekanov, S. and others",
      title          = "{A ZEUS next-to-leading-order QCD analysis of data on
                        deep inelastic scattering}",
      collaboration  = "ZEUS",
      journal        = "Phys. Rev. D",
      volume         = "67",
      year           = "2003",
      pages          = "012007",
      doi            = "10.1103/PhysRevD.67.012007",
      eprint         = "hep-ex/0208023",
      archivePrefix  = "arXiv",
      primaryClass   = "hep-ex",
      reportNumber   = "DESY-02-105",
      SLACcitation   = "%%CITATION = HEP-EX/0208023;%%"
}

@BOOK{QCDPhaseDiagram,
      author         = "National Research Council",
      title          = "Nuclear Physics: Exploring the Heart of Matter",
      publisher      = "The National Academies Press",
      year           = "2013",
      isbn           = "978-0-309-26040-4",
      doi            = "10.17226/13438",
      url            = "https://www.nap.edu/catalog/13438/nuclear-physics-exploring-the-heart-of-matter",
      address        = "Washington, DC",
}

@article{LatticeQCD,
      author         = "Ding, H.-T.",
      title          = "{Recent lattice QCD results and phase diagram of strongly interacting matter}",
      booktitle      = "{Proceedings, 24th International Conference on Ultra-Relativistic Nucleus-Nucleus Collisions (Quark Matter 2014): Darmstadt, Germany, May 19-24, 2014}",
      journal        = "Nucl. Phys. A",
      volume         = "931",
      year           = "2014",
      pages          = "52",
      doi            = "10.1016/j.nuclphysa.2014.09.053",
      eprint         = "1408.5236",
      archivePrefix  = "arXiv",
      primaryClass   = "hep-lat",
      SLACcitation   = "%%CITATION = ARXIV:1408.5236;%%"
}

@article{LatticeQCD2,
      author         = "Bazavov, A. and others",
      title          = "{Equation of state and QCD transition at finite temperature}",
      journal        = "Phys. Rev. D",
      volume         = "80",
      year           = "2009",
      pages          = "014504",
      doi            = "10.1103/PhysRevD.80.014504",
      eprint         = "0903.4379",
      archivePrefix  = "arXiv",
      primaryClass   = "hep-lat",
      reportNumber   = "CU-TP-1189",
      SLACcitation   = "%%CITATION = ARXIV:0903.4379;%%"
}

@article{LambdaQCD,
      author         = "Kneur, J. -L. and Neveu, A.",
      title          = "{$Lambda^{\text QCD}_{\text MS}$ from Renormalization Group Optimized Perturbation}",
      journal        = "Phys. Rev. D",
      volume         = "85",
      year           = "2012",
      pages          = "014005",
      doi            = "10.1103/PhysRevD.85.014005",
      eprint         = "1108.3501",
      archivePrefix  = "arXiv",
      primaryClass   = "hep-ph",
      SLACcitation   = "%%CITATION = ARXIV:1108.3501;%%"
}

@article{ColorSupercondutor,
      author         = "Alford, M. G. and Schmitt, A. and Rajagopal, K. and Sch{\"a}fer, T.",
      title          = "{Color superconductivity in dense quark matter}",
      journal        = "Rev. Mod. Phys.",
      volume         = "80",
      year           = "2008",
      pages          = "1455",
      doi            = "10.1103/RevModPhys.80.1455",
      eprint         = "0709.4635",
      archivePrefix  = "arXiv",
      primaryClass   = "hep-ph",
      reportNumber   = "MIT-CTP-3861",
      SLACcitation   = "%%CITATION = ARXIV:0709.4635;%%"
}

@article{Hagedorn1965,
      author        = "Hagedorn, R.",
      title         = "{Statistical thermodynamics of strong interactions at high energies}",
      journal       = "Nuovo Cimento, Suppl.",
      volume        = "3",
      year          = "1965",
      pages         = "147",
      url           = "https://cds.cern.ch/record/346206",
}

@article{AntikT,
      author         = "Cacciari, M. and Salam, G. P. and Soyez, G.",
      title          = "{The Anti-k(t) jet clustering algorithm}",
      journal        = "JHEP",
      volume         = "04",
      year           = "2008",
      pages          = "063",
      doi            = "10.1088/1126-6708/2008/04/063",
      eprint         = "0802.1189",
      archivePrefix  = "arXiv",
      primaryClass   = "hep-ph",
      reportNumber   = "LPTHE-07-03",
      SLACcitation   = "%%CITATION = ARXIV:0802.1189;%%"
}

@article{BjorkenJetQuenching,
      author         = "Bjorken, J. D.",
      title          = "{Energy Loss of Energetic Partons in Quark - Gluon Plasma: Possible Extinction of High p(t) Jets in Hadron - Hadron Collisions}",
      year           = "1982",
      reportNumber   = "FERMILAB-PUB-82-059-THY, FERMILAB-PUB-82-059-T",
      SLACcitation   = "%%CITATION = FERMILAB-PUB-82-059-THY;%%"
}

@MISC{FigureJetQuenching,
      author         = "American Physical Society / Alan Stonebraker",
      title          = "{Sketch of jet production in proton-proton and heavy-ion collisions}",
      year           = "2014",
      note           = "[Online; accessed June 8, 2018]",
      url            = "https://physics.aps.org/assets/1d215bc6-f248-4943-a0b2-72eab4f2a643/e97_1.png"
}

@article{QCDPhaseTemp,
      author         = "Shuryak, E. V.",
      title          = "{Quantum Chromodynamics and the Theory of Superdense Matter}",
      journal        = "Phys. Rept.",
      volume         = "61",
      year           = "1980",
      pages          = "71",
      doi            = "10.1016/0370-1573(80)90105-2",
      SLACcitation   = "%%CITATION = PRPLC,61,71;%%"
}

@article{GlauberModel,
      author         = "Miller, M. L. and Reygers, K. and Sanders, S. J. and Steinberg, P.",
      title          = "\href{https://www.annualreviews.org/doi/10.1146/annurev.nucl.57.090506.123020}{Glauber modeling in high energy nuclear collisions}",
      journal        = "Annual Review of Nuclear and Particle Science",
      volume         = "57",
      year           = "2007",
      pages          = "205",
      doi            = "10.1146/annurev.nucl.57.090506.123020",
      eprint         = "nucl-ex/0701025",
      archivePrefix  = "arXiv",
      primaryClass   = "nucl-ex",
      SLACcitation   = "%%CITATION = NUCL-EX/0701025;%%"
}

@article{MatterShock,
      author         = "Scheid, W. and Muller, H. and Greiner, W.",
      title          = "{Nuclear Shock Waves in Heavy-Ion Collisions}",
      journal        = "Phys. Rev. Lett.",
      volume         = "32",
      year           = "1974",
      pages          = "741",
      doi            = "10.1103/PhysRevLett.32.741",
      SLACcitation   = "%%CITATION = PRLTA,32,741;%%"
}

@techreport{Bevalac,
      address        = "United States",
      author         = "Lofgren, E. J.",
      institution    = "Lawrence Berkeley Laboratory",
      number         = "LBL-3835",
      title          = "{ACCELERATOR DIVISION ANNUAL REPORTS, 1 JULY 1972 12/31/1974}",
      year           = "1975",
      doi            = "10.2172/937059",
}

@article{BRAHMS_QGP,
      author         = "Arsene, I. and others",
      title          = "\href{http://www.sciencedirect.com/science/article/pii/S0375947405002770}{Quark gluon plasma and color glass condensate at RHIC? The Perspective from the BRAHMS experiment}",
      collaboration  = "BRAHMS",
      journal        = "Nuclear Physics A",
      volume         = "757",
      year           = "2005",
      pages          = "1",
      doi            = "10.1016/j.nuclphysa.2005.02.130",
      eprint         = "nucl-ex/0410020",
      archivePrefix  = "arXiv",
      primaryClass   = "nucl-ex",
      SLACcitation   = "%%CITATION = NUCL-EX/0410020;%%"
}

@article{PHENIX_QGP,
      author         = "Adcox, K. and others",
      title          = "\href{http://www.sciencedirect.com/science/article/pii/S0375947405005300}{Formation of dense partonic matter in relativistic nucleus-nucleus collisions at RHIC: Experimental evaluation by the PHENIX collaboration}",
      collaboration  = "PHENIX",
      journal        = "Nuclear Physics A",
      volume         = "757",
      year           = "2005",
      pages          = "184",
      doi            = "10.1016/j.nuclphysa.2005.03.086",
      eprint         = "nucl-ex/0410003",
      archivePrefix  = "arXiv",
      primaryClass   = "nucl-ex",
      SLACcitation   = "%%CITATION = NUCL-EX/0410003;%%"
}

@article{PHOBOS_QGP,
      author         = "Back, B. B. and others",
      title          = "\href{http://www.sciencedirect.com/science/article/pii/S0375947405005282}{The PHOBOS perspective on discoveries at RHIC}",
      journal        = "Nuclear Physics A",
      volume         = "757",
      year           = "2005",
      pages          = "28",
      doi            = "10.1016/j.nuclphysa.2005.03.084",
      eprint         = "nucl-ex/0410022",
      archivePrefix  = "arXiv",
      primaryClass   = "nucl-ex",
      SLACcitation   = "%%CITATION = NUCL-EX/0410022;%%"
}

@article{STAR_QGP,
      author         = "Adams, John and others",
      title          = "\href{http://www.sciencedirect.com/science/article/pii/S0375947405005294}{Experimental and theoretical challenges in the search for the quark gluon plasma: The STAR Collaboration's critical assessment of the evidence from RHIC collisions}",
      collaboration  = "STAR",
      journal        = "Nuclear Physics A",
      volume         = "757",
      year           = "2005",
      pages          = "102",
      doi            = "10.1016/j.nuclphysa.2005.03.085",
      eprint         = "nucl-ex/0501009",
      archivePrefix  = "arXiv",
      primaryClass   = "nucl-ex",
      SLACcitation   = "%%CITATION = NUCL-EX/0501009;%%"
}

@article{QCDPhaseSpace,
      author         = "Stock, R.",
      title          = "{Relativistic Nucleus-Nucleus Collisions and the QCD Matter Phase Diagram}",
      year           = "2008",
      doi            = "10.1007/978-3-540-74203-6_7",
      eprint         = "0807.1610",
      archivePrefix  = "arXiv",
      primaryClass   = "nucl-ex",
      SLACcitation   = "%%CITATION = ARXIV:0807.1610;%%"
}


@article{NeutronStar,
      author         = "Pandharipande, V. R. and Pines, D. and Smith, R. A.",
      title          = "{Neutron star structure: theory, observation, and speculation.}",
      journal        = "Astrophys. J.",
      year           = "1976",
      volume         = "208",
      pages          = "550",
      doi            = "10.1086/154637",
}

@article{DenseMatter,
      author         = "Ainsworth, T. L. and Baron, E. and Brown, G. E. and Cooperstein, J. and Prakash, M.",
      title          = "{Equation of State of Dense Nuclear Matter}",
      journal        = "Nucl. Phys. A",
      volume         = "464",
      year           = "1987",
      pages          = "740",
      doi            = "10.1016/0375-9474(87)90373-3",
      SLACcitation   = "%%CITATION = NUPHA,A464,740;%%"
}

@article{QGPCollins,
      author         = "Collins, J. C. and Perry, M. J.",
      title          = "{Superdense Matter: Neutrons Or Asymptotically Free Quarks?}",
      journal        = "Phys. Rev. Lett.",
      volume         = "34",
      year           = "1975",
      pages          = "1353",
      doi            = "10.1103/PhysRevLett.34.1353",
      reportNumber   = "DAMTP 74/26",
      SLACcitation   = "%%CITATION = PRLTA,34,1353;%%"
}

@misc{SPSQGP,
      author         = "CERN",
      title          = "{New State of Matter created at CERN}",
      year           = "2000",
      note           = "[Online; accessed June 11, 2018]",
      url            = "https://press.cern/press-releases/2000/02/new-state-matter-created-cern"
}

@misc{RHICRuns,
      author         = "Wolfram Fischer",
      title          = "{Run overview of the Relativistic Heavy Ion collider}",
      year           = "2000",
      note           = "[Online; accessed July 28, 2018]",
      url            = "http://www.agsrhichome.bnl.gov/RHIC/Runs/"
}

@article{QGPEvolution,
      author         = "Nonaka, C. and Asakawa, M.",
      title          = "{Modeling a Realistic Dynamical Model for High Energy Heavy Ion Collisions}",
      journal        = "PTEP",
      volume         = "2012",
      year           = "2012",
      pages          = "01A208",
      doi            = "10.1093/ptep/pts014",
      eprint         = "1204.4795",
      archivePrefix  = "arXiv",
      primaryClass   = "nucl-th",
      SLACcitation   = "%%CITATION = ARXIV:1204.4795;%%"
}

@article{ATLASDijetAsym,
      author         = "Aad, G. and others",
      title          = "{Observation of a Centrality-Dependent Dijet Asymmetry in Lead-Lead Collisions at $\sqrt{s_{NN}} = 2.76$ TeV with the ATLAS Detector at the LHC}",
      collaboration  = "ATLAS",
      journal        = "Physical Review Letters",
      volume         = "105",
      year           = "2010",
      pages          = "252303",
      doi            = "10.1103/PhysRevLett.105.252303",
      eprint         = "1011.6182",
      archivePrefix  = "arXiv",
      primaryClass   = "hep-ex",
      SLACcitation   = "%%CITATION = ARXIV:1011.6182;%%"
}

@article{CMSDijetAsym,
      author         = "Chatrchyan, S. and others",
      title          = "\href{https://link.aps.org/doi/10.1103/PhysRevC.84.024906}{Observation and studies of jet quenching in PbPb collisions at nucleon-nucleon center-of-mass energy $\sqrt{s_{NN}} = 2.76$ TeV}",
      collaboration  = "CMS",
      journal        = "Physical Review C",
      volume         = "84",
      year           = "2011",
      pages          = "024906",
      doi            = "10.1103/PhysRevC.84.024906",
      eprint         = "1102.1957",
      archivePrefix  = "arXiv",
      primaryClass   = "nucl-ex",
      reportNumber   = "CERN-PH-EP-2011-001, CMS-HIN-10-004",
      SLACcitation   = "%%CITATION = ARXIV:1102.1957;%%"
}

@article{CMSRidge,
      author         = "Khachatryan, Vardan and others",
      title          = "\href{https://link.springer.com/article/10.1007%2FJHEP09%282010%29091}{Observation of Long-Range Near-Side Angular Correlations in Proton-Proton Collisions at the LHC}",
      collaboration  = "CMS",
      journal        = "Journal of High Energy Physics",
      volume         = "09",
      year           = "2010",
      pages          = "091",
      doi            = "10.1007/JHEP09(2010)091",
      eprint         = "1009.4122",
      archivePrefix  = "arXiv",
      primaryClass   = "hep-ex",
      reportNumber   = "CMS-QCD-10-002, CERN-PH-EP-2010-031",
      SLACcitation   = "%%CITATION = ARXIV:1009.4122;%%"
}

@article{PHOBOSRidge,
      author         = "Alver, B. and others",
      title          = "\href{https://link.aps.org/doi/10.1103/PhysRevC.81.024904}{System size dependence of cluster properties from two-particle angular correlations in Cu+Cu and Au+Au collisions at $\sqrt{s_{NN}} = 200$ GeV}",
      collaboration  = "PHOBOS",
      journal        = "Physical Review C",
      volume         = "81",
      year           = "2010",
      pages          = "024904",
      doi            = "10.1103/PhysRevC.81.024904",
      eprint         = "0812.1172",
      archivePrefix  = "arXiv",
      primaryClass   = "nucl-ex",
      SLACcitation   = "%%CITATION = ARXIV:0812.1172;%%"
}

@article{RHICJetQuench,
      author         = "Betz, Barbara",
      title          = "\href{https://doi.org/10.1140/epja/i2012-12164-8}{Jet Quenching in Heavy-Ion Collisions - The Transition Era from RHIC to LHC}",
      journal        = "The European Physical Journal A",
      volume         = "48",
      year           = "2012",
      pages          = "164",
      doi            = "10.1140/epja/i2012-12164-8",
      eprint         = "1211.5897",
      archivePrefix  = "arXiv",
      primaryClass   = "nucl-th",
      SLACcitation   = "%%CITATION = ARXIV:1211.5897;%%"
}

@article{QuarkoniumPotential,
      author         = "Chung, H. S. and Lee, J. and Kang, D.",
      title          = "{Cornell Potential Parameters for S-wave Heavy Quarkonia}",
      journal        = "J. Korean Phys. Soc.",
      volume         = "52",
      year           = "2008",
      pages          = "1151",
      doi            = "10.3938/jkps.52.1151",
      eprint         = "0803.3116",
      archivePrefix  = "arXiv",
      primaryClass   = "hep-ph",
      SLACcitation   = "%%CITATION = ARXIV:0803.3116;%%"
}

@article{JpsiRHIC,
      author         = "Adare, A. and others",
      title          = "\href{https://link.aps.org/doi/10.1103/PhysRevLett.98.232301}{$J/\psi$ Production vs Centrality, Transverse Momentum, and Rapidity in Au+Au Collisions at $\sqrt{s_{NN}} = 200$ GeV}",
      collaboration  = "PHENIX",
      journal        = "Physical Review Letters",
      volume         = "98",
      year           = "2007",
      pages          = "232301",
      doi            = "10.1103/PhysRevLett.98.232301",
      eprint         = "nucl-ex/0611020",
      archivePrefix  = "arXiv",
      primaryClass   = "nucl-ex",
      SLACcitation   = "%%CITATION = NUCL-EX/0611020;%%"
}

@article{JpsiSuppression,
      author         = "Matsui, T. and Satz, H.",
      title          = "{$J/\psi$ Suppression by Quark-Gluon Plasma Formation}",
      journal        = "Phys. Lett. B",
      volume         = "178",
      year           = "1986",
      pages          = "416",
      doi            = "10.1016/0370-2693(86)91404-8",
      reportNumber   = "BNL-38344",
      SLACcitation   = "%%CITATION = PHLTA,B178,416;%%"
}

@article{SPSJpsiSuppression_1,
      author         = "Abreu, M. C. and others",
      title          = "{Anomalous J/$\psi$ suppression in Pb-Pb interactions at 158 GeV/c per nucleon}",
      collaboration  = "NA50",
      journal        = "Phys. Lett. B",
      volume         = "410",
      year           = "1997",
      pages          = "337",
      doi            = "10.1016/S0370-2693(97)00915-5",
      SLACcitation   = "%%CITATION = PHLTA,B410,337;%%"
}

@article{SPSJpsiSuppression_2,
      author         = "Alessandro, B. and others",
      title          = "{A New measurement of J/$\psi$ suppression in Pb-Pb collisions at 158-GeV per nucleon}",
      collaboration  = "NA50",
      journal        = "Eur. Phys. J. C",
      volume         = "39",
      year           = "2005",
      pages          = "335",
      doi            = "10.1140/epjc/s2004-02107-9",
      eprint         = "hep-ex/0412036",
      archivePrefix  = "arXiv",
      primaryClass   = "hep-ex",
      reportNumber   = "CERN-PH-EP-2004-052",
      SLACcitation   = "%%CITATION = HEP-EX/0412036;%%"
}

@article{UncorrelatedCharms,
      author         = "Yan, L. and Zhuang, P. and Xu, N.",
      title          = "{Competition between J/$\psi$ suppression and regeneration in quark-gluon plasma}",
      journal        = "Phys. Rev. Lett.",
      volume         = "97",
      year           = "2006",
      pages          = "232301",
      doi            = "10.1103/PhysRevLett.97.232301",
      eprint         = "nucl-th/0608010",
      archivePrefix  = "arXiv",
      primaryClass   = "nucl-th",
      SLACcitation   = "%%CITATION = NUCL-TH/0608010;%%"
}

@article{UncorrelatedCharms_2,
      author         = "Vogt, R.",
      title          = "{Systematics of heavy quark production at RHIC}",
      year           = "2002",
      eprint         = "hep-ph/0203151",
      archivePrefix  = "arXiv",
      primaryClass   = "hep-ph",
      reportNumber   = "LBNL-49629",
      SLACcitation   = "%%CITATION = HEP-PH/0203151;%%"
}

@article{JpsiRegeneration,
      author         = "Braun-Munzinger, P. and Stachel, J.",
      title          = "{(Non)thermal aspects of charmonium production and a new look at \JPsi suppression}",
      journal        = "Phys. Lett. B",
      volume         = "490",
      year           = "2000",
      pages          = "196",
      doi            = "10.1016/S0370-2693(00)00991-6",
      eprint         = "nucl-th/0007059",
      archivePrefix  = "arXiv",
      primaryClass   = "nucl-th",
      SLACcitation   = "%%CITATION = NUCL-TH/0007059;%%"
}

@article{ALICEJpsiRegeneration,
      author         = "Abelev, B. B. and others",
      title          = "{Centrality, rapidity and transverse momentum dependence of J/$\psi$ suppression in Pb-Pb collisions at $\sqrt{s_{\text{NN}}}$=2.76 TeV}",
      collaboration  = "ALICE",
      journal        = "Phys. Lett. B",
      volume         = "734",
      year           = "2014",
      pages          = "314",
      doi            = "10.1016/j.physletb.2014.05.064",
      eprint         = "1311.0214",
      archivePrefix  = "arXiv",
      primaryClass   = "nucl-ex",
      reportNumber   = "CERN-PH-EP-2013-203",
      SLACcitation   = "%%CITATION = ARXIV:1311.0214;%%"
}

@article{CMSUpsilonSuppression,
      author         = "Sirunyan, A. M. and others",
      title          = "{Suppression of Excited $\Upsilon$ States Relative to the Ground State in Pb-Pb Collisions at $\sqrt{s_\text{NN}}$=5.02 TeV}",
      collaboration  = "CMS",
      journal        = "Phys. Rev. Lett.",
      volume         = "120",
      year           = "2018",
      number         = "14",
      pages          = "142301",
      doi            = "10.1103/PhysRevLett.120.142301",
      eprint         = "1706.05984",
      archivePrefix  = "arXiv",
      primaryClass   = "hep-ex",
      reportNumber   = "CMS-HIN-16-008, CERN-EP-2017-080",
      SLACcitation   = "%%CITATION = ARXIV:1706.05984;%%"
}

@inproceedings{StrangenessEnhancement_1,
      author         = "Rafelski, J. and Hagedorn, R.",
      title          = "{From Hadron Gas to Quark Matter. 2.}",
      booktitle      = "{International Symposium on Statistical Mechanics of Quarks and Hadrons Bielefeld, Germany, August 24-31, 1980}",
      url            = "http://inspirehep.net/record/156201/files/198012212.pdf",
      year           = "1980",
      pages          = "253",
      reportNumber   = "CERN-TH-2969",
      SLACcitation   = "%%CITATION = CERN-TH-2969;%%"
}

@article{StrangenessEnhancement_2,
      author         = "Becattini, F. and Pettini, G.",
      title          = "{Strange quark production in a statistical effective model}",
      journal        = "Phys. Rev. C",
      volume         = "67",
      year           = "2003",
      pages          = "015205",
      doi            = "10.1103/PhysRevC.67.015205",
      eprint         = "hep-ph/0204340",
      archivePrefix  = "arXiv",
      primaryClass   = "hep-ph",
      SLACcitation   = "%%CITATION = HEP-PH/0204340;%%"
}

@misc{StrangenessEnhancementFigure,
      author         = "Rafelski, J.",
      title          = "{Strangeness as a signature of quark gluon plasma, CERN-Alice Summer Student Lecture}",
      year           = "2011",
      note           = "[Online; accessed June 13, 2018]",
      url            = "http://www.physics.arizona.edu/~rafelski/PS/1108StrangeStudent.pdf"
}

@article{StrangenessEnhancement_3,
      author         = "Capella, A.",
      title          = "{Strangeness enhancement in heavy ion collisions}",
      journal        = "Phys. Lett. B",
      volume         = "364",
      year           = "1995",
      pages          = "175",
      doi            = "10.1016/0370-2693(95)01015-7",
      eprint         = "hep-ph/9501331",
      archivePrefix  = "arXiv",
      primaryClass   = "hep-ph",
      reportNumber   = "LPTHE-ORSAY-94-113",
      SLACcitation   = "%%CITATION = HEP-PH/9501331;%%"
}

@article{StrangenessEnhancementExp_1,
      author         = "Andronic, A. and Braun-Munzinger, P. and Stachel, J.",
      title          = "{Thermal hadron production in relativistic nuclear collisions: The Hadron mass spectrum, the horn, and the QCD phase transition}",
      journal        = "Phys. Lett. B",
      volume         = "673",
      year           = "2009",
      pages          = "142",
      doi            = "10.1016/j.physletb.2009.02.014,
                        10.1016/j.physletb.2009.06.021",
      note           = "[Erratum: Phys. Lett.B678,516(2009)]",
      eprint         = "0812.1186",
      archivePrefix  = "arXiv",
      primaryClass   = "nucl-th",
      SLACcitation   = "%%CITATION = ARXIV:0812.1186;%%"
}

@article{StrangenessEnhancementExp_2,
      author         = "Blume, C. and Markert, C.",
      title          = "{Strange hadron production in heavy ion collisions from SPS to RHIC}",
      journal        = "Prog. Part. Nucl. Phys.",
      volume         = "66",
      year           = "2011",
      pages          = "834",
      doi            = "10.1016/j.ppnp.2011.05.001",
      eprint         = "1105.2798",
      archivePrefix  = "arXiv",
      primaryClass   = "nucl-ex",
      SLACcitation   = "%%CITATION = ARXIV:1105.2798;%%"
}

@article{StrangenessEnhancementExp_3,
      author         = "Adam, J. and others",
      title          = "{Enhanced production of multi-strange hadrons in high-multiplicity proton-proton collisions}",
      collaboration  = "ALICE",
      journal        = "Nature Phys.",
      volume         = "13",
      year           = "2017",
      pages          = "535",
      doi            = "10.1038/nphys4111",
      eprint         = "1606.07424",
      archivePrefix  = "arXiv",
      primaryClass   = "nucl-ex",
      reportNumber   = "CERN-EP-2016-153",
      SLACcitation   = "%%CITATION = ARXIV:1606.07424;%%"
}

@article{StrangenessEnhancementExp_4,
      author         = "Abelev, B. I. and others",
      title          = "\href{https://journals.aps.org/prc/abstract/10.1103/PhysRevC.77.044908}{Enhanced strange baryon production in Au+Au collisions compared to p+p at $\sqrtsnn = 200$ GeV}",
      collaboration  = "STAR",
      journal        = "Phyical Review C",
      volume         = "77",
      year           = "2008",
      pages          = "044908",
      doi            = "10.1103/PhysRevC.77.044908",
      eprint         = "0705.2511",
      archivePrefix  = "arXiv",
      primaryClass   = "nucl-ex",
      SLACcitation   = "%%CITATION = ARXIV:0705.2511;%%"
}

@inproceedings{SPS_StrangenessEnhancementExp_1,
      author         = "Safarik, K.",
      title          = "{Strangeness production at CERN SPS}",
      booktitle      = "{Strangeness in quark matter. Proceedings, 5th International Conference, Strangeness 2000, Berkeley, USA, July 20-25, 2000}",
      journal        = "J. Phys. G",
      volume         = "27",
      year           = "2001",
      pages          = "579-583",
      doi            = "10.1088/0954-3899/27/3/340",
      SLACcitation   = "%%CITATION = JPAGA,G27,579;%%"
}

@article{SPS_StrangenessEnhancementExp_2,
      author         = "Mischke, A. and others",
      title          = "{Lambda production in central Pb + Pb collisions at CERN SPS energies}",
      booktitle      = "{Strange quarks in matter. Proceedings, 6th International Conference, SQM 2001, Frankfurt, Germany, September 24-29, 2001}",
      collaboration  = "NA49",
      journal        = "J. Phys. G",
      volume         = "28",
      year           = "2002",
      pages          = "1761-1768",
      doi            = "10.1088/0954-3899/28/7/330",
      eprint         = "nucl-ex/0201012",
      archivePrefix  = "arXiv",
      primaryClass   = "nucl-ex",
      SLACcitation   = "%%CITATION = NUCL-EX/0201012;%%"
}

@article{ReactionPlaneFigure,
      author         = "Heinz, U. W.",
      title          = "{The Strongly coupled quark-gluon plasma created at RHIC}",
      booktitle      = "{New developments in strongly coupled Coulomb systems. Proceedings, 11th International Conference, SCCS 2008, Camerino, Italy, July 29-August 2, 2008}",
      journal        = "J. Phys. A",
      volume         = "42",
      year           = "2009",
      pages          = "214003",
      doi            = "10.1088/1751-8113/42/21/214003",
      eprint         = "0810.5529",
      archivePrefix  = "arXiv",
      primaryClass   = "nucl-th",
      SLACcitation   = "%%CITATION = ARXIV:0810.5529;%%"
}

@article{EllipticFlowViscosity,
      author         = "Kovtun, P. and Son, D. T. and Starinets, A. O.",
      title          = "{Viscosity in strongly interacting quantum field theories from black hole physics}",
      journal        = "Phys. Rev. Lett.",
      volume         = "94",
      year           = "2005",
      pages          = "111601",
      doi            = "10.1103/PhysRevLett.94.111601",
      eprint         = "hep-th/0405231",
      archivePrefix  = "arXiv",
      primaryClass   = "hep-th",
      reportNumber   = "INT-PUB-04-09, UW-PT-04-04",
      SLACcitation   = "%%CITATION = HEP-TH/0405231;%%"
}

@article{EllipticFlowReview,
      author         = "Snellings, R.",
      title          = "{Elliptic Flow: A Brief Review}",
      journal        = "New J. Phys.",
      volume         = "13",
      year           = "2011",
      pages          = "055008",
      doi            = "10.1088/1367-2630/13/5/055008",
      eprint         = "1102.3010",
      archivePrefix  = "arXiv",
      primaryClass   = "nucl-ex",
      SLACcitation   = "%%CITATION = ARXIV:1102.3010;%%"
}

@article{EllipticFlowReview_2,
      author         = "Ollitrault, J.-Y.",
      title          = "{Relativistic hydrodynamics for heavy-ion collisions}",
      booktitle      = "{Advanced School on Quark-Gluon Plasma Mumbai, India, July 3-13, 2007}",
      journal        = "Eur. J. Phys.",
      volume         = "29",
      year           = "2008",
      pages          = "275",
      doi            = "10.1088/0143-0807/29/2/010",
      eprint         = "0708.2433",
      archivePrefix  = "arXiv",
      primaryClass   = "nucl-th",
      SLACcitation   = "%%CITATION = ARXIV:0708.2433;%%"
}

@article{RHICEllipticFlow,
      author         = "Braun-Munzinger, P. and Stachel, J.",
      title          = "{The quest for the quark-gluon plasma}",
      journal        = "Nature",
      volume         = "448",
      year           = "2007",
      pages          = "302",
      doi            = "10.1038/nature06080",
      SLACcitation   = "%%CITATION = NATUA,448,302;%%"
}

@article{CMSZBosonPbPb,
      author         = "Chatrchyan, S. and others",
      title          = "{Study of Z production in PbPb and pp collisions at $\sqrt{s_{\text{NN}}}=2.76 $ TeV in the dimuon and dielectron decay channels}",
      collaboration  = "CMS",
      journal        = "JHEP",
      volume         = "03",
      year           = "2015",
      pages          = "022",
      doi            = "10.1007/JHEP03(2015)022",
      eprint         = "1410.4825",
      archivePrefix  = "arXiv",
      primaryClass   = "nucl-ex",
      reportNumber   = "CMS-HIN-13-004, CERN-PH-EP-2014-235",
      SLACcitation   = "%%CITATION = ARXIV:1410.4825;%%"
}

@article{PHENIXPhoton,
      author         = "Adare, A. and others",
      title          = "{Centrality dependence of low-momentum direct-photon production in Au$+$Au collisions at $\sqrt{s_{_{NN}}}=200$ GeV}",
      collaboration  = "PHENIX",
      journal        = "Phys. Rev. C",
      volume         = "91",
      year           = "2015",
      number         = "6",
      pages          = "064904",
      doi            = "10.1103/PhysRevC.91.064904",
      eprint         = "1405.3940",
      archivePrefix  = "arXiv",
      primaryClass   = "nucl-ex",
      SLACcitation   = "%%CITATION = ARXIV:1405.3940;%%"
}

@article{LHCbFeedDownUpsOneS,
      author         = "Aaij, R. and others",
      title          = "{Study of $\chi _{{\mathrm {b}}}$ meson production in $\text {p} $ $\text {p} $ collisions at $\sqrt{s} = 7$ and $8{\text {\,TeV}} $ and observation of the decay $\chi _{{\text {b}}}\text {(3P)} \rightarrow \Upsilon \text {(3S)} {\gamma } $}",
      collaboration  = "LHCb",
      journal        = "Eur. Phys. J. C",
      volume         = "74",
      year           = "2014",
      number         = "10",
      pages          = "3092",
      doi            = "10.1140/epjc/s10052-014-3092-z",
      eprint         = "1407.7734",
      archivePrefix  = "arXiv",
      primaryClass   = "hep-ex",
      reportNumber   = "CERN-PH-EP-2014-178, LHCB-PAPER-2014-031",
      SLACcitation   = "%%CITATION = ARXIV:1407.7734;%%"
}
