%% This BibTeX bibliography file was created using BibDesk.
%% http://bibdesk.sourceforge.net/

@article{PDG,
      author         = "Patrignani, C. and others",
      title          = "{Review of Particle Physics}",
      collaboration  = "Particle Data Group",
      journal        = "Chin. Phys. C",
      volume         = "40",
      year           = "2016",
      pages          = "100001",
      doi            = "10.1088/1674-1137/40/10/100001",
      SLACcitation   = "%%CITATION = CHPHD,C40,100001;%%"
}

@article{Voigt,
      author         = "Armstrong, B. H.",
      title          = "Spectrum line profiles: The {V}oigt function",
      journal        = "J. Quant. Spectrosc. Radiat. Transfer",
      year           = "1967",
      volume         = "7",
      pages          = "61",
      doi            = "10.1016/0022-4073(67)90057-X"
}

%%%%%%%%%%%%%%%%%%%%%%%%%%%%%% DETECTOR %%%%%%%%%%%%%%%%%%%%%%%%%%%%%%%%%%%%%%%%%%%%%%%%%

@article{Muon_Reco,
      author         = "Sirunyan, A. M. and others",
      title          = "{Performance of the CMS muon detector and muon reconstruction with proton-proton collisions at $\sqrt{s}=$ 13 TeV}",
      collaboration  = "CMS",
      journal        = "JINST",
      volume         = "13",
      year           = "2018",
      number         = "06",
      pages          = "06015",
      doi            = "10.1088/1748-0221/13/06/P06015",
      eprint         = "1804.04528",
      archivePrefix  = "arXiv",
      primaryClass   = "physics.ins-det",
      reportNumber   = "CMS-MUO-16-001, CERN-EP-2018-058, CMS-MUO-16-001,
                        CERN-EP-2018-058",
      SLACcitation   = "%%CITATION = ARXIV:1804.04528;%%"
}

@article{PF_Reco,
      author         = "Sirunyan, A. M. and others",
      title          = "{Particle-flow reconstruction and global event description with the CMS detector}",
      collaboration  = "CMS",
      journal        = "JINST",
      volume         = "12",
      year           = "2017",
      number         = "10",
      pages          = "P10003",
      doi            = "10.1088/1748-0221/12/10/P10003",
      eprint         = "1706.04965",
      archivePrefix  = "arXiv",
      primaryClass   = "physics.ins-det",
      reportNumber   = "CMS-PRF-14-001, CERN-EP-2017-110",
      SLACcitation   = "%%CITATION = ARXIV:1706.04965;%%"
}

@article{LHCProtonNucleus,
      author         = "Salgado, C. A. and others",
      title          = "\href{http://stacks.iop.org/0954-3899/39/i=1/a=015010}{Proton-Nucleus Collisions at the LHC: Scientific Opportunities and Requirements}",
      journal        = "Journal of Physics G: Nuclear and Particle Physics",
      volume         = "39",
      year           = "2012",
      number         = "1",
      pages          = "015010",
      doi            = "10.1088/0954-3899/39/1/015010",
      eprint         = "1105.3919",
      archivePrefix  = "arXiv",
      primaryClass   = "hep-ph",
      reportNumber   = "CERN-PH-TH-2011-119, LHC-PROJECT-REPORT-1181,
                        FERMILAB-PUB-11-841-T",
      SLACcitation   = "%%CITATION = ARXIV:1105.3919;%%"
}

%%%%%%%%%%%%%%%%%%%%%%%%%%%%%% SOFTWARE %%%%%%%%%%%%%%%%%%%%%%%%%%%%%%%%%%%%%%%%%%%%%%%%%

@article{RooStats,
      author         = "Moneta, L. and Belasco, K. and Cranmer, K. S. and Kreiss, S. and Lazzaro, A. and Piparo, D. and Schott, G. and Verkerke, W. and Wolf, M.",
      title          = "{The RooStats Project}",
      booktitle      = "{Proceedings, 13th International Workshop on Advanced computing and analysis techniques in physics research (ACAT2010): Jaipur, India, February 22-27, 2010}",
      journal        = "PoS",
      volume         = "ACAT2010",
      year           = "2010",
      pages          = "057",
      eprint         = "1009.1003",
      archivePrefix  = "arXiv",
      primaryClass   = "physics.data-an",
      SLACcitation   = "%%CITATION = ARXIV:1009.1003;%%"
}

@article{RooFit,
      author         = "Verkerke, W. and Kirkby, D. P.",
      title          = "{The RooFit toolkit for data modeling}",
      booktitle      = "{Statistical Problems in Particle Physics, Astrophysics and Cosmology (PHYSTAT 05): Proceedings, Oxford, UK, September 12-15, 2005}",
      journal        = "eConf C",
      volume         = "0303241",
      year           = "2003",
      pages          = "186",
      eprint         = "physics/0306116",
      archivePrefix  = "arXiv",
      primaryClass   = "physics",
      reportNumber   = "CHEP-2003-MOLT007",
      SLACcitation   = "%%CITATION = PHYSICS/0306116;%%"
}

@article{ROOT,
      author         = "Antcheva, I. and others",
      title          = "{ROOT: A C++ framework for petabyte data storage, statistical analysis and visualization}",
      journal        = "Comput. Phys. Commun.",
      volume         = "180",
      year           = "2009",
      pages          = "2499",
      doi            = "10.1016/j.cpc.2009.08.005",
      eprint         = "1508.07749",
      archivePrefix  = "arXiv",
      primaryClass   = "physics.data-an",
      reportNumber   = "FERMILAB-PUB-09-661-CD",
      SLACcitation   = "%%CITATION = ARXIV:1508.07749;%%"
}

%%%%%%%%%%%%%%%%%%%%%%%%%%%%%% GENERATOR INFO %%%%%%%%%%%%%%%%%%%%%%%%%%%%%%%%%%%%%%%%%%%%%%%%%

@article{GEANT4,
      author         = "Agostinelli, S. and others",
      title          = "{GEANT4: A Simulation toolkit}",
      collaboration  = "GEANT4",
      journal        = "Nucl. Instrum. Meth. A",
      volume         = "506",
      year           = "2003",
      pages          = "250",
      doi            = "10.1016/S0168-9002(03)01368-8",
      reportNumber   = "SLAC-PUB-9350, FERMILAB-PUB-03-339",
      SLACcitation   = "%%CITATION = NUIMA,A506,250;%%"
}

@article{PYTHIA8,
      author         = "Sj{\"o}strand, T. and Ask, S. and Christiansen, J. R. and Corke, R. and Desai, N. and Ilten, P. and Mrenna, S. and Prestel, S. and Rasmussen, C. O. and Skands, P. Z.",
      title          = "{An Introduction to PYTHIA 8.2}",
      journal        = "Comput. Phys. Commun.",
      volume         = "191",
      year           = "2015",
      pages          = "159",
      doi            = "10.1016/j.cpc.2015.01.024",
      eprint         = "1410.3012",
      archivePrefix  = "arXiv",
      primaryClass   = "hep-ph",
      reportNumber   = "LU-TP-14-36, MCNET-14-22, CERN-PH-TH-2014-190,
                        FERMILAB-PUB-14-316-CD, DESY-14-178, SLAC-PUB-16122",
      SLACcitation   = "%%CITATION = ARXIV:1410.3012;%%"
}

@article{PYTHIA_TUNE,
      author         = "Khachatryan, V. and others",
      title          = "{Event generator tunes obtained from underlying event and multiparton scattering measurements}",
      collaboration  = "CMS",
      journal        = "Eur. Phys. J. C",
      volume         = "76",
      year           = "2016",
      number         = "3",
      pages          = "155",
      doi            = "10.1140/epjc/s10052-016-3988-x",
      eprint         = "1512.00815",
      archivePrefix  = "arXiv",
      primaryClass   = "hep-ex",
      reportNumber   = "CMS-GEN-14-001, CERN-PH-EP-2015-291",
      SLACcitation   = "%%CITATION = ARXIV:1512.00815;%%"
}

@article{TAUOLA,
      author         = "Davidson, N. and Nanava, G. and Przedzinski, T. and Richter-Was, E. and Was, Z.",
      title          = "{Universal Interface of TAUOLA Technical and Physics Documentation}",
      journal        = "Comput. Phys. Commun.",
      volume         = "183",
      year           = "2012",
      pages          = "821",
      doi            = "10.1016/j.cpc.2011.12.009",
      eprint         = "1002.0543",
      archivePrefix  = "arXiv",
      primaryClass   = "hep-ph",
      reportNumber   = "IFJPAN-IV-2009-10",
      SLACcitation   = "%%CITATION = ARXIV:1002.0543;%%"
}

@article{PHOTOS,
      author         = "Golonka, P. and Was, Z.",
      title          = "{PHOTOS Monte Carlo: A Precision tool for QED corrections in $Z$ and $W$ decays}",
      journal        = "Eur. Phys. J. C",
      volume         = "45",
      year           = "2006",
      pages          = "97",
      doi            = "10.1140/epjc/s2005-02396-4",
      eprint         = "hep-ph/0506026",
      archivePrefix  = "arXiv",
      primaryClass   = "hep-ph",
      reportNumber   = "IFJPAN-V-05-01, CERN-PH-TH-2005-091",
      SLACcitation   = "%%CITATION = HEP-PH/0506026;%%"
}

@article{EPOS,
      author         = "Pierog, T. and Karpenko, Iu. and Katzy, J. M. and Yatsenko, E. and Werner, K.",
      title          = "{EPOS LHC: Test of collective hadronization with data measured at the CERN Large Hadron Collider}",
      journal        = "Phys. Rev. C",
      volume         = "92",
      year           = "2015",
      pages          = "034906",
      doi            = "10.1103/PhysRevC.92.034906",
      eprint         = "1306.0121",
      archivePrefix  = "arXiv",
      primaryClass   = "hep-ph",
      reportNumber   = "DESY-13-125",
      SLACcitation   = "%%CITATION = ARXIV:1306.0121;%%"
}

@article{POWHEG,
      author         = "Frixione, S. and Nason, P. and Oleari, C.",
      title          = "{Matching NLO QCD computations with Parton Shower simulations: the POWHEG method}",
      journal        = "JHEP",
      volume         = "11",
      year           = "2007",
      pages          = "070",
      doi            = "10.1088/1126-6708/2007/11/070",
      eprint         = "0709.2092",
      archivePrefix  = "arXiv",
      primaryClass   = "hep-ph",
      reportNumber   = "BICOCCA-FT-07-9, GEF-TH-21-2007",
      SLACcitation   = "%%CITATION = ARXIV:0709.2092;%%"
}

@article{POWHEG_2,
      author         = "Nason, P.",
      title          = "{A New method for combining NLO QCD with shower Monte Carlo algorithms}",
      journal        = "JHEP",
      volume         = "11",
      year           = "2004",
      pages          = "040",
      doi            = "10.1088/1126-6708/2004/11/040",
      eprint         = "hep-ph/0409146",
      archivePrefix  = "arXiv",
      primaryClass   = "hep-ph",
      reportNumber   = "BICOCCA-FT-04-11",
      SLACcitation   = "%%CITATION = HEP-PH/0409146;%%"
}

@article{POWHEGBOX,
      author         = "Alioli, S. and Nason, P. and Oleari, C. and Re, E.",
      title          = "{A general framework for implementing NLO calculations in shower Monte Carlo programs: the POWHEG BOX}",
      journal        = "JHEP",
      volume         = "06",
      year           = "2010",
      pages          = "043",
      doi            = "10.1007/JHEP06(2010)043",
      eprint         = "1002.2581",
      archivePrefix  = "arXiv",
      primaryClass   = "hep-ph",
      reportNumber   = "DESY-10-018, SFB-CPP-10-22, IPPP-10-11, DCPT-10-22",
      SLACcitation   = "%%CITATION = ARXIV:1002.2581;%%"
}

@article{POWHEGBOX_W_ew_BMNNP,
      author         = "Barze, L. and Montagna, G. and Nason, P. and Nicrosini, O. and Piccinini, F.",
      title          = "{Implementation of electroweak corrections in the POWHEG BOX: single W production}",
      journal        = "JHEP",
      volume         = "04",
      year           = "2012",
      pages          = "037",
      doi            = "10.1007/JHEP04(2012)037",
      eprint         = "1202.0465",
      archivePrefix  = "arXiv",
      primaryClass   = "hep-ph",
      reportNumber   = "CERN-PH-TH-2012-025, FNT-2012-01, LPN12-031",
      SLACcitation   = "%%CITATION = ARXIV:1202.0465;%%"
}

@article{POWHEGBOX_Z_ew_BMNNP,
      author         = "Barze, L. and Montagna, G. and Nason, P. and Nicrosini, O. and Piccinini, F. and Vicini, A.",
      title          = "{Neutral-current Drell--Yan with combined QCD and electroweak corrections in the POWHEG BOX}",
      journal        = "Eur. Phys. J. C",
      volume         = "73",
      year           = "2013",
      pages          = "2474",
      doi            = "10.1140/epjc/s10052-013-2474-y",
      eprint         = "1302.4606",
      archivePrefix  = "arXiv",
      primaryClass   = "hep-ph",
      reportNumber   = "CERN-PH-TH-2013-027, FNT-2013-01, IFUM-1007-FT, LPN13-018",
      SLACcitation   = "%%CITATION = ARXIV:1302.4606;%%"
}

@article{POWHEGBOX_hvq,
      author         = "Frixione, S. and Nason, P. and Ridolfi, G.",
      title          = "{A Positive-Weight Next-to-Leading-Order Monte Carlo for Heavy Flavour Hadroproduction}",
      journal        = "JHEP",
      volume         = "09",
      year           = "2007",
      pages          = "126",
      doi            = "10.1088/1126-6708/2007/09/126",
      eprint         = "0707.3088",
      archivePrefix  = "arXiv",
      primaryClass   = "hep-ph",
      reportNumber   = "BICOCCA-FT-07-12, GEF-TH-19-2007",
      SLACcitation   = "%%CITATION = ARXIV:0707.3088;%%"
}

@article{POWHEGBOX_W,
      author         = "Alioli, S. and Nason, P. and Oleari, C. and Re, E.",
      title          = "{NLO vector-boson production matched with shower in POWHEG}",
      journal        = "JHEP",
      volume         = "07",
      year           = "2008",
      pages          = "060",
      doi            = "10.1088/1126-6708/2008/07/060",
      eprint         = "0805.4802",
      archivePrefix  = "arXiv",
      primaryClass   = "hep-ph",
      reportNumber   = "NSF-KITP-08-74",
      SLACcitation   = "%%CITATION = ARXIV:0805.4802;%%"
}

@article{LHAPDF6,
      author         = "Buckley, A. and Ferrando, J. and Lloyd, S. and Nordstr{\"o}m, K. and Page, B. and R{\"u}fenacht, M. and Sch{\"o}nherr, M. and Watt, G.",
      title          = "{LHAPDF6: parton density access in the LHC precision era}",
      journal        = "Eur. Phys. J. C",
      volume         = "75",
      year           = "2015",
      pages          = "132",
      doi            = "10.1140/epjc/s10052-015-3318-8",
      eprint         = "1412.7420",
      archivePrefix  = "arXiv",
      primaryClass   = "hep-ph",
      reportNumber   = "GLAS-PPE-2014-05, MCNET-14-29, IPPP-14-111, DCPT-14-222",
      SLACcitation   = "%%CITATION = ARXIV:1412.7420;%%"
}

@article{MCFM,
      author         = "Boughezal, R. and Campbell, J. M. and Ellis, R. K. and Focke, C. and Giele, W. and Liu, X. and Petriello, F. and Williams, C.",
      title          = "{Color singlet production at NNLO in MCFM}",
      journal        = "Eur. Phys. J. C",
      volume         = "77",
      year           = "2017",
      pages          = "7",
      doi            = "10.1140/epjc/s10052-016-4558-y",
      eprint         = "1605.08011",
      archivePrefix  = "arXiv",
      primaryClass   = "hep-ph",
      reportNumber   = "FERMILAB-PUB-16-120-T, IPPP-16-32",
      SLACcitation   = "%%CITATION = ARXIV:1605.08011;%%"
}

@article{PDF4LHC,
      author         = "Butterworth, J. and others",
      title          = "{PDF4LHC recommendations for LHC Run II}",
      journal        = "Journal of Physics G: Nuclear and Particle Physics",
      volume         = "43",
      year           = "2016",
      pages          = "023001",
      doi            = "10.1088/0954-3899/43/2/023001",
      eprint         = "1510.03865",
      archivePrefix  = "arXiv",
      primaryClass   = "hep-ph",
      reportNumber   = "OUTP-15-17P, SMU-HEP-15-12, TIF-UNIMI-2015-14,
                        LCTS-2015-27, CERN-PH-TH-2015-249",
      SLACcitation   = "%%CITATION = ARXIV:1510.03865;%%"
}

@article{dNdEta_pPb,
      author         = "Sirunyan, A. M. and others",
      title          = "{Pseudorapidity distributions of charged hadrons in proton-lead collisions at $\sqrt{s_{_\text{NN}}} =$ 5.02 and 8.16 TeV}",
      collaboration  = "CMS",
      journal        = "JHEP",
      volume         = "01",
      year           = "2018",
      pages          = "045",
      doi            = "10.1007/JHEP01(2018)045",
      eprint         = "1710.09355",
      archivePrefix  = "arXiv",
      primaryClass   = "hep-ex",
      reportNumber   = "CMS-HIN-16-021, CERN-EP-2017-261",
      SLACcitation   = "%%CITATION = ARXIV:1710.09355;%%"
}

@article{UE_pp,
      author         = "Chatrchyan, S. and others",
      title          = "{Study of the underlying event at forward rapidity in pp collisions at $\sqrt{s}$ = 0.9, 2.76, and 7 TeV}",
      collaboration  = "CMS",
      journal        = "JHEP",
      volume         = "04",
      year           = "2013",
      pages          = "072",
      doi            = "10.1007/JHEP04(2013)072",
      eprint         = "1302.2394",
      archivePrefix  = "arXiv",
      primaryClass   = "hep-ex",
      reportNumber   = "CMS-FWD-11-003, CERN-PH-EP-2013-012",
      SLACcitation   = "%%CITATION = ARXIV:1302.2394;%%"
}

%%%%%%%%%%%%%%%%%%%%%%%%%%%%%% PUBLIC RESULTS %%%%%%%%%%%%%%%%%%%%%%%%%%%%%%%%%%%%%%%%%%%%%%%%%

@article{ALICE_W_pPb_5p02TeV,
      author         = "Adam, J. and others",
      title          = "{W and Z boson production in p-Pb collisions at $\sqrt{s_{\text{NN}}} = 5.02$ TeV}",
      collaboration  = "ALICE",
      journal        = "JHEP",
      volume         = "02",
      year           = "2017",
      pages          = "077",
      doi            = "10.1007/JHEP02(2017)077",
      eprint         = "1611.03002",
      archivePrefix  = "arXiv",
      primaryClass   = "nucl-ex",
      reportNumber   = "CERN-EP-2016-278",
      SLACcitation   = "%%CITATION = ARXIV:1611.03002;%%"
}

@article{ALICE_Photon_pp_2p76TeV,
      author         = "Acharya, S. and others",
      title          = "{Direct photon production at low transverse momentum in proton-proton collisions at $\sqrt{s} = 2.76$ and 8 TeV}",
      collaboration  = "ALICE",
      year           = "2018",
      eprint         = "1803.09857",
      archivePrefix  = "arXiv",
      primaryClass   = "nucl-ex",
      reportNumber   = "CERN-EP-2018-045",
      SLACcitation   = "%%CITATION = ARXIV:1803.09857;%%"
}

@article{ALICE_Photon_PbPb_2p76TeV,
      author         = "Adam, J. and others",
      title          = "{Direct photon production in Pb-Pb collisions at $\sqrt{s_{\text{NN}}} = 2.76$ TeV}",
      collaboration  = "ALICE",
      journal        = "Phys. Lett. B",
      volume         = "754",
      year           = "2016",
      pages          = "235",
      doi            = "10.1016/j.physletb.2016.01.020",
      eprint         = "1509.07324",
      archivePrefix  = "arXiv",
      primaryClass   = "nucl-ex",
      reportNumber   = "CERN-PH-EP-2015-254, ALICE-PUBLIC-2015-007",
      SLACcitation   = "%%CITATION = ARXIV:1509.07324;%%"
}

@article{ALICE_Z_PbPb_5p02TeV,
      author         = "Acharya, S. and others",
      title          = "{Measurement of Z$^0$-boson production at large rapidities in Pb-Pb collisions at $\sqrt{s_{\text{NN}}} = 5.02$ TeV}",
      collaboration  = "ALICE",
      journal        = "Phys. Lett. B",
      volume         = "780",
      year           = "2018",
      pages          = "372",
      doi            = "10.1016/j.physletb.2018.03.010",
      eprint         = "1711.10753",
      archivePrefix  = "arXiv",
      primaryClass   = "nucl-ex",
      reportNumber   = "CERN-EP-2017-305",
      SLACcitation   = "%%CITATION = ARXIV:1711.10753;%%"
}

@article{ATLAS_Z_pPb_5p02TeV,
      author         = "Aad, G. and others",
      title          = "{$Z$ boson production in p+Pb collisions at $\sqrt{s_{\text{NN}}} = 5.02$ TeV measured with the ATLAS detector}",
      collaboration  = "ATLAS",
      journal        = "Phys. Rev. C",
      volume         = "92",
      year           = "2015",
      number         = "4",
      pages          = "044915",
      doi            = "10.1103/PhysRevC.92.044915",
      eprint         = "1507.06232",
      archivePrefix  = "arXiv",
      primaryClass   = "hep-ex",
      reportNumber   = "CERN-PH-EP-2015-146",
      SLACcitation   = "%%CITATION = ARXIV:1507.06232;%%"
}

@article{ATLAS_W_PbPb_2p76TeV,
      author         = "Aad, G. and others",
      title          = "{Measurement of the production and lepton charge asymmetry of $W$ bosons in Pb+Pb collisions at $\sqrt{s_{\text{NN}}} = 2.76$ TeV with the ATLAS detector}",
      collaboration  = "ATLAS",
      journal        = "Eur. Phys. J. C",
      volume         = "75",
      year           = "2015",
      number         = "1",
      pages          = "23",
      doi            = "10.1140/epjc/s10052-014-3231-6",
      eprint         = "1408.4674",
      archivePrefix  = "arXiv",
      primaryClass   = "hep-ex",
      reportNumber   = "CERN-PH-EP-2014-156",
      SLACcitation   = "%%CITATION = ARXIV:1408.4674;%%"
}

@article{ATLAS_Z_PbPb_2p76TeV,
      author         = "Aad, G. and others",
      title          = "{Measurement of $Z$ boson Production in Pb+Pb Collisions at $\sqrt{s_{\text{NN}}} = 2.76$ TeV with the ATLAS Detector}",
      collaboration  = "ATLAS",
      journal        = "Phys. Rev. Lett.",
      volume         = "110",
      year           = "2013",
      number         = "2",
      pages          = "022301",
      doi            = "10.1103/PhysRevLett.110.022301",
      eprint         = "1210.6486",
      archivePrefix  = "arXiv",
      primaryClass   = "hep-ex",
      reportNumber   = "CERN-PH-EP-2012-223",
      SLACcitation   = "%%CITATION = ARXIV:1210.6486;%%"
}

@article{ATLAS_Photon_PbPb_2p76TeV,
      author         = "Aad, G. and others",
      title          = "{Centrality, rapidity and transverse momentum dependence of isolated prompt photon production in lead-lead collisions at $\sqrt{s_{\text{NN}}} = 2.76$ TeV measured with the ATLAS detector}",
      collaboration  = "ATLAS",
      journal        = "Phys. Rev. C",
      volume         = "93",
      year           = "2016",
      number         = "3",
      pages          = "034914",
      doi            = "10.1103/PhysRevC.93.034914",
      eprint         = "1506.08552",
      archivePrefix  = "arXiv",
      primaryClass   = "hep-ex",
      reportNumber   = "CERN-PH-EP-2015-142",
      SLACcitation   = "%%CITATION = ARXIV:1506.08552;%%"
}

@article{CMS_Z_PbPb_2p76TeV,
      author         = "Chatrchyan, Serguei and others",
      title          = "{Study of Z boson production in PbPb collisions at $\sqrt{s_{NN}}$ = 2.76 TeV}",
      collaboration  = "CMS",
      journal        = "Phys. Rev. Lett.",
      volume         = "106",
      year           = "2011",
      pages          = "212301",
      doi            = "10.1103/PhysRevLett.106.212301",
      eprint         = "1102.5435",
      archivePrefix  = "arXiv",
      primaryClass   = "nucl-ex",
      reportNumber   = "CERN-PH-EP-2011-003, CMS-HIN-10-003",
      SLACcitation   = "%%CITATION = ARXIV:1102.5435;%%"
}

@article{CMS_W_PbPb_2p76TeV,
      author         = "Chatrchyan, Serguei and others",
      title          = "{Study of $W$ boson production in PbPb and $pp$ collisions at $\sqrt{s_{NN}}=2.76$ TeV}",
      collaboration  = "CMS",
      journal        = "Phys. Lett. B",
      volume         = "715",
      year           = "2012",
      pages          = "66",
      doi            = "10.1016/j.physletb.2012.07.025",
      eprint         = "1205.6334",
      archivePrefix  = "arXiv",
      primaryClass   = "nucl-ex",
      reportNumber   = "CMS-HIN-11-008, CERN-PH-EP-2012-144",
      SLACcitation   = "%%CITATION = ARXIV:1205.6334;%%"
}

@article{LHCb_Z_pPb_5p02TeV,
      author         = "Aaij, R. and others",
      title          = "{Observation of $Z$ production in proton-lead collisions at LHCb}",
      collaboration  = "LHCb",
      journal        = "JHEP",
      volume         = "09",
      year           = "2014",
      pages          = "030",
      doi            = "10.1007/JHEP09(2014)030",
      eprint         = "1406.2885",
      archivePrefix  = "arXiv",
      primaryClass   = "hep-ex",
      reportNumber   = "CERN-PH-EP-2014-126, LHCB-PAPER-2014-022",
      SLACcitation   = "%%CITATION = ARXIV:1406.2885;%%"
}

@article{HIN-13-007,
      author         = "Khachatryan, V. and others",
      title          = "{Study of W boson production in pPb collisions at $\sqrt{s_{\text{NN}}} =$ 5.02 TeV}",
      collaboration  = "CMS",
      journal        = "Phys. Lett. B",
      volume         = "750",
      year           = "2015",
      pages          = "565",
      doi            = "10.1016/j.physletb.2015.09.057",
      eprint         = "1503.05825",
      archivePrefix  = "arXiv",
      primaryClass   = "nucl-ex",
      reportNumber   = "CMS-HIN-13-007, CERN-PH-EP-2015-054",
      SLACcitation   = "%%CITATION = ARXIV:1503.05825;%%"
}

@article{HIN-17-002,
      author         = "Sirunyan, A. M. and others",
      title          = "{Observation of top quark production in proton-nucleus collisions}",
      collaboration  = "CMS",
      journal        = "Phys. Rev. Lett.",
      volume         = "119",
      year           = "2017",
      pages          = "242001",
      doi            = "10.1103/PhysRevLett.119.242001",
      eprint         = "1709.07411",
      archivePrefix  = "arXiv",
      primaryClass   = "nucl-ex",
      reportNumber   = "CMS-HIN-17-002, CERN-EP-2017-239",
      SLACcitation   = "%%CITATION = ARXIV:1709.07411;%%"
}

%%%%%%%%%%%%%%%%%%%%%%%%%%%%%% PRELIMINARY RESULTS %%%%%%%%%%%%%%%%%%%%%%%%%%%%%%%%%%%%%%%%%%%%%%%%%

@techreport{ATLAS_Z_pp_5p02TeV,
      title         = "{$Z$ Boson Production in pp Collisions at $\sqrt{s}$ = 5.02 TeV with the ATLAS detector at the LHC}",
      institution   = "CERN",
      author        = "{ATLAS Collaboration}",
      address       = "Geneva",
      number        = "ATLAS-CONF-2016-107",
      month         = "Sep",
      year          = "2016",
      reportNumber  = "ATLAS-CONF-2016-107",
      url           = "https://cds.cern.ch/record/2220375",
}

@techreport{ATLAS_W_pPb_5p02TeV,
      title         = "{Measurement of $W\rightarrow\mu\nu$ production in p+Pb collision at $\sqrt{s_{_\text{NN}}} = 5.02$ TeV with ATLAS detector at the LHC}",
      institution   = "CERN",
      author        = "{ATLAS Collaboration}",
      address       = "Geneva",
      number        = "ATLAS-CONF-2015-056",
      month         = "Sep",
      year          = "2015",
      reportNumber  = "ATLAS-CONF-2015-056",
      url           = "https://cds.cern.ch/record/2055677",
}

@techreport{ATLAS_Photon_pPb_8p16TeV,
      title         = "{Prompt photon production in $\sqrt{s_{\text{NN}}} = 8.16$ TeV p+Pb collisions with ATLAS}",
      institution   = "CERN",
      author        = "{ATLAS Collaboration}",
      address       = "Geneva",
      number        = "ATLAS-CONF-2017-072",
      month         = "Sep",
      year          = "2017",
      reportNumber  = "ATLAS-CONF-2017-072",
      url           = "https://cds.cern.ch/record/2285810",
}

@techreport{ATLAS_W_PbPb_5p02TeV,
      title         = "{Measurement of $W$ boson production in the muon channel in Pb+Pb collisions at $\sqrt{s_{\text{NN}}} = 5.02$ TeV}",
      institution   = "CERN",
      author        = "{ATLAS Collaboration}",
      address       = "Geneva",
      number        = "ATLAS-CONF-2017-067",
      month         = "Sep",
      year          = "2017",
      reportNumber  = "ATLAS-CONF-2017-067",
      url           = "https://cds.cern.ch/record/2285571",
}

@techreport{ATLAS_Z_PbPb_5p02TeV,
      title         = "{$Z$ boson production in Pb+Pb collisions at $\sqrt{s_{_\text{NN}}} = 5.02$ TeV with the ATLAS detector at the LHC}",
      institution   = "CERN",
      author        = "{ATLAS Collaboration}",
      address       = "Geneva",
      number        = "ATLAS-CONF-2017-010",
      month         = "Feb",
      year          = "2017",
      reportNumber  = "ATLAS-CONF-2017-010",
      url           = "https://cds.cern.ch/record/2244821",
}

@techreport{LUM-17-002,
      title         = "{CMS luminosity measurement using 2016 proton-nucleus collisions at nucleon-nucleon center-of-mass energy of 8.16 TeV}",
      institution   = "CERN",
      author        = "{CMS Collaboration}",
      address       = "Geneva",
      number        = "CMS-PAS-LUM-17-002",
      year          = "2018",
      reportNumber  = "CMS-PAS-LUM-17-002",
      url           = "http://cds.cern.ch/record/2628652",
}

@techreport{HIN-17-007,
      title         = "{Constraints on nuclear parton distributions from W boson production in pPb collisions at $\sqrt{s_{\text{NN}}} = 8.16$ TeV}",
      institution   = "CERN",
      author        = "{CMS Collaboration}",
      address       = "Geneva",
      number        = "CMS-PAS-HIN-17-007",
      year          = "2018",
      reportNumber  = "CMS-PAS-HIN-17-007",
      url           = "http://cds.cern.ch/record/2318138",
}

@techreport{Muon_TnP_pPb,
      title         = "{Muon performance studies in 2016 pPb data}",
      institution   = "CERN",
      author        = "{CMS Collaboration}",
      address       = "Geneva",
      number        = "CMS-HIN-AN-17-137",
      year          = "2017",
      reportnumber  = "CMS-HIN-AN-17-137",
      url           = "http://cms.cern.ch/iCMS/jsp/openfile.jsp?tp=draft&files=AN2017_137_v2.pdf"
}
