%% This BibTeX bibliography file was created using BibDesk.
%% http://bibdesk.sourceforge.net/


%% Saved with string encoding Unicode (UTF-8) 

@article{RutherfordBetaDecay,
      author        = "Rutherford, E.",
      title         = "\href{http://web.ihep.su/dbserv/compas/src/rutherford99/eng.pdf}{Uranium Radiation and the Electrical conduction Produced by it}",
      journal       = "Philosophical Magazine",
      volume        = "47",
      pages         = "109",
      year          = "1899"
}

@article{BetaDecay_1,
      author         = "Chadwick, J.",
      title          = "{Intensit{\"a}tsverteilung im magnetischen Spektrum von $\beta$-Strahlen von Radium B+C}",
      journal        = "Verhandlungen der deutschen physikalischen Gesellschaft",
      volume         = "16",
      year           = "1914",
      pages          = "383"
}

@article{BetaDecay_2,
      author         = "Chadwick, J. and Ellis, C. D.",
      title          = "{A Preliminary Investigation of the Intensity Distribution in the $\beta$-Ray Spectra of Radium B and C}",
      journal        = "Proceedings of the Cambridge Philosophical Society",
      volume         = "21",
      year           = "1922",
      pages          = "274"
}

@book{Neutrino_1,
      author         = "Pauli, W.",
      title          = "{F{\"u}nf Arbeiten zum Ausschliessungsprinzip und zum Neutrino}",
      isbn           = "9783534067336",
      volume         = "27",
      year           = "1977",
      publisher      = "Wissenschaftliche Buchgesellschaft, [Abt. Verlag]",
      pages          = "121",
      place          = "Darmstadt"
}

@book{Neutrino_2,
      author         = "Winter, K.",
      title          = "{Neutrino physics}",
      isbn           = "0521364523",
      volume         = "23",
      year           = "1991",
      publisher      = "Cambridge University Press",
      pages          = "624",
      place          = "Cambridge"
}

@article{Neutron,
      author         = "Chadwick, J.",
      title          = "\href{https://www.nature.com/articles/129312a0}{Possible Existence of a Neutron}",
      journal        = "Nature",
      volume         = "129",
      year           = "1932",
      pages          = "312"
}

@book{FermiWeakTheory_1,
      author         = "Fermi, E.",
      title          = "\href{http://iopscience.iop.org/article/10.1088/0031-9112/14/8/007/pdf}{Collected Papers of Enrico Fermi}",
      isbn           = "9780226243603",
      volume         = "2",
      year           = "1965",
      publisher      = "University of Chicago Press",
      pages          = "1083",
      place          = "United States"
}

@article{FermiWeakTheory_2,
      author         = "Fermi, E.",
      title          = "\href{https://link.springer.com/article/10.1007/BF01351864}{Versuch einer Theorie der $\beta$-Strahlen. I}",
      journal        = "Zeitschrift f{\"u}r Physik",
      volume         = "88",
      year           = "1934",
      pages          = "161",
      doi            = "10.1007/BF01351864",
}

@article{LeeYang,
      author         = "Lee, T. D. and Yang, C. N.",
      title          = "\href{https://link.aps.org/doi/10.1103/PhysRev.104.254}{Question of Parity Conservation in Weak Interactions}",
      journal        = "Physical Review",
      volume         = "104",
      year           = "1956",
      pages          = "254",
      doi            = "10.1103/PhysRev.104.254",
      url            = "https://link.aps.org/doi/10.1103/PhysRev.104.254",
}

@article{WuParityViolation,
      author         = "Wu, C. S. and Ambler, E. and Hayward, R. W. and Hoppes, D. D. and Hudson, R. P.",
      title          = "\href{https://link.aps.org/doi/10.1103/PhysRev.105.1413}{Experimental Test of Parity Conservation in Beta Decay}",
      journal        = "Physical Review",
      volume         = "105",
      year           = "1957",
      pages          = "1413",
      doi            = "10.1103/PhysRev.105.1413",
      url            = "https://link.aps.org/doi/10.1103/PhysRev.105.1413",
}

@article{NeutrinoHelicity,
      author         = "Goldhaber, M. and Grodzins, L. and Sunyar, A. W.",
      title          = "\href{https://link.aps.org/doi/10.1103/PhysRev.109.1015}{Helicity of Neutrinos}",
      journal        = "Physical Review",
      volume         = "109",
      year           = "1958",
      pages          = "1015",
      doi            = "10.1103/PhysRev.109.1015",
      url            = "https://link.aps.org/doi/10.1103/PhysRev.109.1015",
}

@article{Glashow:1959wxa,
      author         = "Glashow, S. L.",
      title          = "\href{https://doi.org/10.1016/0029-5582(59)90196-8}{The renormalizability of vector meson interactions}",
      journal        = "Nuclear Physics",
      volume         = "10",
      year           = "1959",
      pages          = "107",
      doi            = "10.1016/0029-5582(59)90196-8",
      SLACcitation   = "%%CITATION = NUPHA,10,107;%%"
}

@article{Weinberg:1967tq,
      author         = "Weinberg, S.",
      title          = "\href{https://journals.aps.org/prl/abstract/10.1103/PhysRevLett.19.1264}{A Model of Leptons}",
      journal        = "Physical Review Letters",
      volume         = "19",
      year           = "1967",
      pages          = "1264",
      doi            = "10.1103/PhysRevLett.19.1264",
      SLACcitation   = "%%CITATION = PRLTA,19,1264;%%"
}

@article{Salam:1959zz,
      author         = "Salam, A. and Ward, J. C.",
      title          = "\href{https://link.springer.com/article/10.1007\%2FBF02726525}{Weak and Electromagnetic Interactions}",
      journal        = "Nuovo Cimento",
      volume         = "11",
      year           = "1959",
      pages          = "568",
      doi            = "10.1007/BF02726525",
      SLACcitation   = "%%CITATION = NUCIA,11,568;%%"
}

@article{HiggsMechanism_1,
      author         = "Higgs, P. W.",
      title          = "\href{https://link.aps.org/doi/10.1103/PhysRevLett.13.508}{Broken Symmetries and the Masses of Gauge Bosons}",
      journal        = "Physical Review Letters",
      volume         = "13",
      year           = "1964",
      pages          = "367",
      doi            = "10.1103/PhysRevLett.13.508",
      url            = "https://link.aps.org/doi/10.1103/PhysRevLett.13.508"
}

@article{HiggsMechanism_2,
      author         = "Englert, F. and Brout, R.",
      title          = "\href{https://link.aps.org/doi/10.1103/PhysRevLett.13.321}{Broken Symmetry and the Mass of Gauge Vector Mesons}",
      journal        = "Physical Review Letters",
      volume         = "13",
      year           = "1964",
      pages          = "321",
      doi            = "10.1103/PhysRevLett.13.321",
      url            = "https://link.aps.org/doi/10.1103/PhysRevLett.13.321"
}

@article{Renormalization_1,
      author         = "Hooft, G. 't",
      title          = "\href{https://doi.org/10.1016/0550-3213(71)90139-8}{Renormalizable Lagrangians for massive Yang-Mills fields}",
      journal        = "Nuclear Physics B",
      volume         = "35",
      year           = "1971",
      pages          = "167"
}

@article{Renormalization_2,
      author         = "Hooft, G. 't and Veltman, M.",
      title          = "\href{https://doi.org/10.1016/0550-3213(72)90279-9}{Regularization and renormalization of gauge fields}",
      journal        = "Nuclear Physics B",
      volume         = "44",
      year           = "1972",
      pages          = "189",
      doi            = "10.1016/0550-3213(72)90279-9",
      url            = "http://www.sciencedirect.com/science/article/pii/0550321372902799"
}

@article{KMeson,
      author         = "Christenson, J. H. and Cronin, J. W. and Fitch, V. L. and Turlay, R.",
      title          = "\href{https://journals.aps.org/prl/abstract/10.1103/PhysRevLett.13.138}{Evidence for the $2\pi$ Decay of the $K_2^0$ Meson}",
      journal        = "Physical Review Letters",
      volume         = "13",
      year           = "1964",
      pages          = "138",
      doi            = "10.1103/PhysRevLett.13.138",
      SLACcitation   = "%%CITATION = PRLTA,13,138;%%"
}

@article{CKMMatrix,
      author         = "Kobayashi, Makoto and Maskawa, Toshihide",
      title          = "\href{https://academic.oup.com/ptp/article/49/2/652/1858101}{CP Violation in the Renormalizable Theory of Weak Interaction}",
      journal        = "Progress of Theoretical Physics",
      volume         = "49",
      year           = "1973",
      pages          = "652",
      doi            = "10.1143/PTP.49.652",
      reportNumber   = "KUNS-242",
      SLACcitation   = "%%CITATION = PTPKA,49,652;%%"
}

@article{CabibboMatrix,
      author         = "Cabibbo, Nicola",
      title          = "\href{https://journals.aps.org/prl/abstract/10.1103/PhysRevLett.10.531}{Unitary Symmetry and Leptonic Decays}",
      booktitle      = "{Meeting of the Italian School of Physics and Weak Interactions Bologna, Italy, April 26-28, 1984}",
      journal        = "Physical Review Letters",
      volume         = "10",
      year           = "1963",
      pages          = "531",
      doi            = "10.1103/PhysRevLett.10.531",
      note           = "[,648(1963)]",
      SLACcitation   = "%%CITATION = PRLTA,10,531;%%"
}

@article{GIM,
      author         = "Glashow, S. L. and Iliopoulos, J. and Maiani, L.",
      title          = "\href{https://journals.aps.org/prd/abstract/10.1103/PhysRevD.2.1285}{Weak Interactions with Lepton-Hadron Symmetry}",
      booktitle      = "{Meeting of the Italian School of Physics and Weak Interactions Bologna, Italy, April 26-28, 1984}",
      journal        = "Physical Review D",
      volume         = "2",
      year           = "1970",
      pages          = "1285",
      doi            = "10.1103/PhysRevD.2.1285",
      SLACcitation   = "%%CITATION = PHRVA,D2,1285;%%"
}

@article{JPsiDiscovery,
      author         = "Aubert, J. J. and others",
      title          = "\href{https://journals.aps.org/prl/abstract/10.1103/PhysRevLett.33.1404}{Experimental Observation of a Heavy Particle $J$}",
      collaboration  = "E598",
      journal        = "Physical Review Letters",
      volume         = "33",
      year           = "1974",
      pages          = "1404",
      doi            = "10.1103/PhysRevLett.33.1404",
      reportNumber   = "COO-3069-271",
      SLACcitation   = "%%CITATION = PRLTA,33,1404;%%"
}

@article{JPsiDiscovery_2,
      author         = "Augustin, J. E. and others",
      title          = "\href{https://journals.aps.org/prl/abstract/10.1103/PhysRevLett.33.1406}{Discovery of a Narrow Resonance in $e^+ e^-$ Annihilation}",
      collaboration  = "SLAC-SP-017",
      journal        = "Physical Review Letters",
      volume         = "33",
      year           = "1974",
      pages          = "1406",
      doi            = "10.1103/PhysRevLett.33.1406",
      reportNumber   = "SLAC-PUB-1504, LBL-3391",
      SLACcitation   = "%%CITATION = PRLTA,33,1406;%%"
}

@article{BottomQuarkDiscovery,
      author         = "Herb, S. W. and others",
      title          = "\href{https://journals.aps.org/prl/abstract/10.1103/PhysRevLett.39.252}{Observation of a Dimuon Resonance at 9.5 GeV in 400-GeV Proton-Nucleus Collisions}",
      journal        = "Physical Review Letters",
      volume         = "39",
      year           = "1977",
      pages          = "252",
      doi            = "10.1103/PhysRevLett.39.252",
      reportNumber   = "FERMILAB-PUB-77-058-EXP, PRINT-77-0640 (COLUMBIA),FERMILAB-PUB-77-058-E",
      SLACcitation   = "%%CITATION = PRLTA,39,252;%%"
}

@article{TopQuarkDiscovery,
      author         = "Abe, F. and others",
      title          = "\href{https://journals.aps.org/prl/abstract/10.1103/PhysRevLett.74.2626}{Observation of top quark production in $\bar{p}p$ collisions}",
      collaboration  = "CDF",
      journal        = "Physical Review Letters",
      volume         = "74",
      year           = "1995",
      pages          = "2626",
      doi            = "10.1103/PhysRevLett.74.2626",
      eprint         = "hep-ex/9503002",
      archivePrefix  = "arXiv",
      primaryClass   = "hep-ex",
      reportNumber   = "FERMILAB-PUB-95-022-E, CDF-PUB-TOP-PUBLIC-3040,
                        ANL-HEP-PR-95-44",
      SLACcitation   = "%%CITATION = HEP-EX/9503002;%%"
}

@book{DiracQED,
      author         = "Dirac, P. A. M.",
      title          = "\href{http://digbib.ubka.uni-karlsruhe.de/volltexte/wasbleibt/57355817/57355817.pdf}{The Principles of Quantum Mechanics}",
      isbn           = "9780198520115",
      volume         = "3",
      year           = "1930",
      publisher      = "Clarendon Press",
      pages          = "328",
      place          = "Oxford"
}

@article{VATheory,
      author         = "Sudarshan, E. C. G. and Marshak, R. E.",
      title          = "\href{https://aip.scitation.org/doi/abs/10.1063/1.45454}{Origin of the Universal V-A theory}",
      booktitle      = "{Proceedings, International Symposium on 30 Years of Neutral Currents: From Weak Neutral Currents to the (W) / Z and Beyond: Santa Monica, California, February 3-5, 1993}",
      journal        = "American Institute of Physics Conference Proceedings",
      volume         = "300",
      year           = "1994",
      pages          = "110",
      doi            = "10.1063/1.45454",
      note           = "[,0001(1984)]",
      reportNumber   = "VPI-HEP-84/8, IMSc/PP/85-001",
      SLACcitation   = "%%CITATION = APCPC,300,110;%%"
}

@Inbook{SppS,
      author        = "Rubbia, C. and McIntyre, P. and Cline, D.",
      title         = "\href{https://link.springer.com/chapter/10.1007\%2F978-3-322-90614-4_67}{Producing Massive Neutral Intermediate Vector Bosons with Existing Accelerators}",
      bookTitle     = "Proceedings of the International Neutrino Conference Aachen 1976: Held at Rheinisch-Westf{\"a}lische Technische Hochschule Aachen June 8--12, 1976",
      year          = "1977",
      publisher     = "Vieweg+Teubner Verlag",
      address       = "Wiesbaden",
      pages         = "683",
      isbn          = "9783322906144",
      doi           = "10.1007/978-3-322-90614-4_67",
      url           = "https://doi.org/10.1007/978-3-322-90614-4_67"
}

@techreport{StochasticCooling,
      author        = "van der Meer, S.",
      title         = "\href{https://cds.cern.ch/record/312939/files/197200067.pdf}{Stochastic damping of betatron oscillations in the ISR}",
      institution   = "CERN",
      address       = "Geneva",
      number        = "CERN-ISR-PO-72-31. ISR-PO-72-31",
      month         = "Aug",
      year          = "1972",
      url           = "http://cds.cern.ch/record/312939",
}

@article{W_UA1,
      author         = "Arnison, G. and others",
      title          = "\href{https://doi.org/10.1016/0370-2693(83)91177-2}{Experimental observation of isolated large transverse energy electrons with associated missing energy at $\sqrt{s} = 540$ GeV}",
      journal        = "Physics Letters B",
      volume         = "122",
      year           = "1983",
      pages          = "103",
      doi            = "10.1016/0370-2693(83)91177-2",
      url            = "http://www.sciencedirect.com/science/article/pii/0370269383911772"
}

@article{W_UA2,
      author         = "Banner, M. and others",
      title          = "\href{https://doi.org/10.1016/0370-2693(83)91605-2}{Observation of single isolated electrons of high transverse momentum in events with missing transverse energy at the CERN pp collider}",
      journal        = "Physics Letters B",
      volume         = "122",
      year           = "1983",
      pages          = "476",
      doi            = "10.1016/0370-2693(83)91605-2",
      url            = "http://www.sciencedirect.com/science/article/pii/0370269383916052"
}

@article{Z_UA1,
      author         = "Arnison, G. and others",
      title          = "\href{https://doi.org/10.1016/0370-2693(83)90188-0}{Experimental observation of lepton pairs of invariant mass around 95 GeV/$c^{2}$ at the CERN SPS collider}",
      booktitle      = "{30 years of weak neutral currents}",
      collaboration  = "UA1",
      journal        = "Physics Letters B",
      volume         = "126",
      year           = "1983",
      pages          = "398",
      doi            = "10.1016/0370-2693(83)90188-0",
      note           = "[,7.55(1983)]",
      reportNumber   = "CERN-EP-83-73",
      SLACcitation   = "%%CITATION = PHLTA,B126,398;%%"
}

@article{Z_UA2,
      author         = "Bagnaia, P. and others",
      title          = "\href{https://doi.org/10.1016/0370-2693(83)90744-X}{Evidence for $Z^{0} \to e^{+}e^{-}$ at the CERN $\overline{\text{p}}$p Collider}",
      collaboration  = "UA2",
      journal        = "Physics Letters B",
      volume         = "129",
      year           = "1983",
      pages          = "130",
      doi            = "10.1016/0370-2693(83)90744-X",
      note           = "[,7.69(1983)]",
      reportNumber   = "CERN-EP-83-112",
      SLACcitation   = "%%CITATION = PHLTA,B129,130;%%"
}

@misc{Nobel1979,
      author         = "Nobel Media AB 2014",
      title          = "\href{http://www.nobelprize.org/nobel_prizes/physics/laureates/1979/}{The Nobel Prize in Physics 1979}",
      howpublished   = "\url{http://www.nobelprize.org/nobel_prizes/physics/laureates/1979/}",
      note           = "Accessed: 2018-05-23",
      year           = "2018"
}

@misc{Nobel1984,
      author         = "Nobel Media AB 2014",
      title          = "\href{http://www.nobelprize.org/nobel_prizes/physics/laureates/1984/}{The Nobel Prize in Physics 1984}",
      howpublished   = "\url{http://www.nobelprize.org/nobel_prizes/physics/laureates/1984/}",
      note           = "Accessed: 2018-05-23",
      year           = "2018"
}

@book{LEP,
      author        = "Myers, S.",
      title         = "\href{https://cds.cern.ch/record/226776}{The LEP Collider, from design to approval and commissioning}",
      publisher     = "CERN",
      address       = "Geneva",
      series        = "John Adams' Lecture",
      year          = "1991",
      url           = "http://cds.cern.ch/record/226776",
      note          = "Delivered at CERN, 26 Nov 1990",
}

@article{WMass_D0,
      author        = "Abazov, V. M. and others",
      title         = "\href{https://journals.aps.org/prd/abstract/10.1103/PhysRevD.66.012001}{Improved $W$ boson mass measurement with the D\O{} detector}",
      collaboration = "D\O{} Collaboration",
      journal       = "Physical Review D",
      volume        = "66",
      issue         = "1",
      pages         = "012001",
      numpages      = "18",
      year          = "2002",
      month         = "Jul",
      publisher     = "American Physical Society",
      doi           = "10.1103/PhysRevD.66.012001",
      url           = "https://link.aps.org/doi/10.1103/PhysRevD.66.012001"
}

@article{Tevatron,
      author         = "Wilson, R. R.",
      title          = "\href{https://physicstoday.scitation.org/doi/10.1063/1.3037746}{The Tevatron}",
      journal        = "Physics Today",
      volume         = "30",
      year           = "1977",
      pages          = "23",
      doi            = "10.1063/1.3037746",
      reportNumber   = "FERMILAB-TM-0763",
      SLACcitation   = "%%CITATION = PHTOA,30N10,23;%%"
}

@article{HiggsBoson_CMS,
      author         = "Chatrchyan, S. and others",
      title          = "\href{https://doi.org/10.1016/j.physletb.2012.08.021}{Observation of a new boson at a mass of 125 GeV with the CMS experiment at the LHC}",
      collaboration  = "CMS",
      journal        = "Physics Letters B",
      volume         = "716",
      year           = "2012",
      pages          = "30",
      doi            = "10.1016/j.physletb.2012.08.021",
      eprint         = "1207.7235",
      archivePrefix  = "arXiv",
      primaryClass   = "hep-ex",
      reportNumber   = "CMS-HIG-12-028, CERN-PH-EP-2012-220",
      SLACcitation   = "%%CITATION = ARXIV:1207.7235;%%"
}

@article{HiggsBoson_ATLAS,
      author         = "Aad, G. and others",
      title          = "\href{https://doi.org/10.1016/j.physletb.2012.08.020}{Observation of a new particle in the search for the Standard Model Higgs boson with the ATLAS detector at the LHC}",
      collaboration  = "ATLAS",
      journal        = "Physics Letters B",
      volume         = "716",
      year           = "2012",
      pages          = "1",
      doi            = "10.1016/j.physletb.2012.08.020",
      eprint         = "1207.7214",
      archivePrefix  = "arXiv",
      primaryClass   = "hep-ex",
      reportNumber   = "CERN-PH-EP-2012-218",
      SLACcitation   = "%%CITATION = ARXIV:1207.7214;%%"
}

@article{WProdScaling,
      author         = "Arleo, F. and Chapon, E. and Paukkunen, H.",
      title          = "\href{https://link.springer.com/article/10.1140/epjc/s10052-016-4049-1}{Scaling properties of inclusive W$^\pm$ production at hadron colliders}",
      journal        = "European Physical Journal C",
      volume         = "76",
      year           = "2016",
      number         = "4",
      pages          = "214",
      doi            = "10.1140/epjc/s10052-016-4049-1",
      eprint         = "1509.03993",
      archivePrefix  = "arXiv",
      primaryClass   = "hep-ph",
      SLACcitation   = "%%CITATION = ARXIV:1509.03993;%%"
}

@article{EMCStrucFunc_1,
      author         = "Aubert, J. J. and others",
      title          = "\href{https://doi.org/10.1016/0370-2693(83)90437-9}{The ratio of the nucleon structure functions $F_{2}^{N}$ for iron and deuterium}",
      collaboration  = "European Muon",
      journal        = "Physics Letters B",
      volume         = "123",
      year           = "1983",
      pages          = "275-278",
      doi            = "10.1016/0370-2693(83)90437-9",
      reportNumber   = "CERN-EP/83-14",
      SLACcitation   = "%%CITATION = PHLTA,123B,275;%%"
}

@article{EMCStrucFunc_2,
      author         = "Arneodo, M. and others",
      title          = "\href{https://doi.org/10.1016/0370-2693(88)91900-4}{Shadowing in Deep Inelastic Muon Scattering from Nuclear Targets}",
      collaboration  = "European Muon",
      journal        = "Physics Letters B",
      volume         = "211",
      year           = "1988",
      pages          = "493",
      doi            = "10.1016/0370-2693(88)91900-4",
      reportNumber   = "CERN-EP-88-56",
      SLACcitation   = "%%CITATION = PHLTA,B211,493;%%"
}

@article{NuclearPDFIllus,
      author         = "Paukkunen, Hannu",
      title          = "\href{https://doi.org/10.1016/j.nuclphysa.2014.04.001}{Nuclear PDFs in the beginning of the LHC era}",
      booktitle      = "{Proceedings, International Conference on the Initial Stages in High-Energy Nuclear Collisions (IS2013): Illa de Arousa, Galicia - Spain, September 8-14, 2013}",
      journal        = "Nuclear Physics A",
      volume         = "926",
      year           = "2014",
      pages          = "24",
      doi            = "10.1016/j.nuclphysa.2014.04.001",
      eprint         = "1401.2345",
      archivePrefix  = "arXiv",
      primaryClass   = "hep-ph",
      SLACcitation   = "%%CITATION = ARXIV:1401.2345;%%"
}

@article{Gargamelle,
      author         = "Hasert, F. J. and others",
      title          = "\href{https://doi.org/10.1016/0550-3213(74)90038-8}{Observation of Neutrino Like Interactions without Muon or Electron in the Gargamelle Neutrino Experiment}",
      collaboration  = "Gargamelle Neutrino",
      journal        = "Nuclear Physics B",
      volume         = "73",
      year           = "1974",
      pages          = "1",
      doi            = "10.1016/0550-3213(74)90038-8",
      reportNumber   = "CERN-TC-L-INT-74-1",
      SLACcitation   = "%%CITATION = NUPHA,B73,1;%%"
}

@article{NMCStrucFunc,
      author         = "Allasia, D. and others",
      title          = "\href{https://doi.org/10.1016/0370-2693(91)91124-E}{Inelastic J/$\psi$ production in deep inelastic scattering from hydrogen and deuterium and the gluon distribution of free nucleons}",
      collaboration  = "New Muon (NMC)",
      journal        = "Physics Letters B",
      volume         = "258",
      year           = "1991",
      pages          = "493",
      doi            = "10.1016/0370-2693(91)91124-E",
      reportNumber   = "CERN-PPE-90-178",
      SLACcitation   = "%%CITATION = PHLTA,B258,493;%%"
}

@article{CT14,
      author         = "Dulat, S. and Hou, T.-J. and Gao, J. and Guzzi, M. and Huston, J. and Nadolsky, P. and Pumplin, J. and Schmidt, C. and Stump, D. and Yuan, C. P.",
      title          = "\href{https://journals.aps.org/prd/abstract/10.1103/PhysRevD.93.033006}{New parton distribution functions from a global analysis of quantum chromodynamics}",
      journal        = "Physical Review D",
      volume         = "93",
      year           = "2016",
      pages          = "033006",
      doi            = "10.1103/PhysRevD.93.033006",
      eprint         = "1506.07443",
      archivePrefix  = "arXiv",
      primaryClass   = "hep-ph",
      SLACcitation   = "%%CITATION = ARXIV:1506.07443;%%"
}

@article{EKS98,
      author         = "Eskola, K. J. and Kolhinen, V. J. and Salgado, C. A.",
      title          = "\href{https://link.springer.com/article/10.1007\%2Fs100529900005}{The Scale dependent nuclear effects in parton distributions for practical applications}",
      journal        = "European Physical Journal C",
      volume         = "9",
      year           = "1999",
      pages          = "61",
      doi            = "10.1007/s100520050513, 10.1007/s100529900005",
      eprint         = "hep-ph/9807297",
      archivePrefix  = "arXiv",
      primaryClass   = "hep-ph",
      reportNumber   = "JYFL-8-98, US-FT-14-98",
      SLACcitation   = "%%CITATION = HEP-PH/9807297;%%"
}

@article{NPDFTheory,
      author         = "Arneodo, M.",
      title          = "\href{https://doi.org/10.1016/0370-1573(94)90048-5}{Nuclear effects in structure functions}",
      journal        = "Physics Reports",
      volume         = "240",
      year           = "1994",
      pages          = "301",
      doi            = "10.1016/0370-1573(94)90048-5",
      reportNumber   = "CERN-PPE-92-113",
      SLACcitation   = "%%CITATION = PRPLC,240,301;%%"
}

@article{EPS08,
      author         = "Eskola, K. J. and Paukkunen, H. and Salgado, C. A.",
      title          = "\href{http://iopscience.iop.org/article/10.1088/1126-6708/2008/07/102/meta}{An Improved global analysis of nuclear parton distribution functions including RHIC data}",
      journal        = "Journal of High Energy Physics",
      volume         = "07",
      year           = "2008",
      pages          = "102",
      doi            = "10.1088/1126-6708/2008/07/102",
      eprint         = "0802.0139",
      archivePrefix  = "arXiv",
      primaryClass   = "hep-ph",
      reportNumber   = "HIP-2008-03-TH",
      SLACcitation   = "%%CITATION = ARXIV:0802.0139;%%"
}

@article{EPS09,
      author         = "Eskola, K. J. and Paukkunen, H. and Salgado, C. A.",
      title          = "\href{http://iopscience.iop.org/article/10.1088/1126-6708/2009/04/065}{EPS09: A New Generation of NLO and LO Nuclear Parton Distribution Functions}",
      journal        = "Journal of High Energy Physics",
      volume         = "04",
      year           = "2009",
      pages          = "065",
      doi            = "10.1088/1126-6708/2009/04/065",
      eprint         = "0902.4154",
      archivePrefix  = "arXiv",
      primaryClass   = "hep-ph",
      SLACcitation   = "%%CITATION = ARXIV:0902.4154;%%"
}

@article{EPPS16,
      author         = "Eskola, K. J. and Paakkinen, P. and Paukkunen, H. and Salgado, C. A.",
      title          = "\href{https://link.springer.com/article/10.1140/epjc/s10052-017-4725-9}{EPPS16: Nuclear parton distributions with LHC data}",
      journal        = "European Physical Journal C",
      volume         = "77",
      year           = "2017",
      pages          = "163",
      doi            = "10.1140/epjc/s10052-017-4725-9",
      eprint         = "1612.05741",
      archivePrefix  = "arXiv",
      primaryClass   = "hep-ph",
      SLACcitation   = "%%CITATION = ARXIV:1612.05741;%%"
}

@article{DSSZ12,
      author         = "de Florian, D. and Sassot, R. and Zurita, P. and Stratmann, M.",
      title          = "\href{https://journals.aps.org/prd/abstract/10.1103/PhysRevD.85.074028}{Global Analysis of Nuclear Parton Distributions}",
      journal        = "Physical Review D",
      volume         = "85",
      year           = "2012",
      pages          = "074028",
      doi            = "10.1103/PhysRevD.85.074028",
      eprint         = "1112.6324",
      archivePrefix  = "arXiv",
      primaryClass   = "hep-ph",
      SLACcitation   = "%%CITATION = ARXIV:1112.6324;%%"
}

@article{nCTEQ15,
      author         = "Kovarik, K. and others",
      title          = "\href{https://journals.aps.org/prd/abstract/10.1103/PhysRevD.93.085037}{nCTEQ15 - Global analysis of nuclear parton distributions with uncertainties in the CTEQ framework}",
      journal        = "Physical Review D",
      volume         = "93",
      year           = "2016",
      number         = "8",
      pages          = "085037",
      doi            = "10.1103/PhysRevD.93.085037",
      eprint         = "1509.00792",
      archivePrefix  = "arXiv",
      primaryClass   = "hep-ph",
      reportNumber   = "LPSC-15-153, MS-TP-15-11, FERMILAB-PUB-15-375-ND-PPD-T",
      SLACcitation   = "%%CITATION = ARXIV:1509.00792;%%"
}

@article{HKN07,
      author         = "Hirai, M. and Kumano, S. and Nagai, T. -H.",
      title          = "\href{https://journals.aps.org/prc/abstract/10.1103/PhysRevC.76.065207}{Determination of nuclear parton distribution functions and their uncertainties in next-to-leading order}",
      journal        = "Physical Review C",
      volume         = "76",
      year           = "2007",
      pages          = "065207",
      doi            = "10.1103/PhysRevC.76.065207",
      eprint         = "0709.3038",
      archivePrefix  = "arXiv",
      primaryClass   = "hep-ph",
      reportNumber   = "KEK-TH-1013",
      SLACcitation   = "%%CITATION = ARXIV:0709.3038;%%"
}

@article{CMSDijetEta,
      author         = "Sirunyan, A. M. and others",
      title          = "\href{https://journals.aps.org/prl/abstract/10.1103/PhysRevLett.121.062002}{Constraining gluon distributions in nuclei using dijets in proton-proton and proton-lead collisions at $\sqrt{s_{_\mathrm{NN}}} = 5.02$ TeV}",
      collaboration  = "CMS",
      journal        = "Physical Review Letters",
      volume         = "121",
      year           = "2018",
      number         = "6",
      pages          = "062002",
      doi            = "10.1103/PhysRevLett.121.062002",
      eprint         = "1805.04736",
      archivePrefix  = "arXiv",
      primaryClass   = "hep-ex",
      reportNumber   = "CMS-HIN-16-003, CERN-EP-2018-091",
      SLACcitation   = "%%CITATION = ARXIV:1805.04736;%%"
}
